2742 4959
526 596 823 754 [κινέει-Ι.
1163 671 1209 732 21

142 819 220 913 pias
247 811 414 889 Ecclesia
440 814 715 906 praedicationes
747 815 957 889 velamento
981 812 1207 911 proseliionis

142 920 259 1012 impiae
278 914 383 987 furati
400 911 495 988 sunt:
531 929 574 1012 ut
591 915 769 1010 correptis
783 913 820 989 in
836 915 961 989 melius
985 916 1107 992 verbis
1123 916 1210 989 irre·
1259 983 1265 996 ,

140 1016 369 1115 ligiosorum‚
396 1015 608 1111 &ambigua
626 1011 884 1112 significatione
900 1013 1118 1115 moderatis,
1144 1013 1207 1088 sub

141 1116 333 1209 impietatis
362 1116 590 1187 damnatione
618 1112 814 1190 dotlrinam
838 1115 982 1209 pietatis
1008 1113 1209 1222 exstingue·

141 1233 237 1292 rent.
290 1214 360 1287 Sed
378 1236 446 1287 nos
462 1213 679 1309 fingolorum
697 1213 847 1301 distis&
864 1201 1138 1309 professionibus
1147 1213 1208 1287 de·

138 1315 369 1405 monstratis,
405 1313 536 1387 seniles
560 1312 726 1389 Ecclesia
749 1314 1023 1407 predicationes
1051 1311 1207 1389 absolvi·

139 1438 240 1493 mus:
268 1435 386 1506 neque
406 1413 596 1505 quidquam
613 1433 695 1487 cum
717 1413 891 1488 damnatis
911 1415 1088 1488 haereticis
1108 1435 1207 1488 com·

138 1537 249 1593 mune
275 1516 326 1586 eis
349 1512 417 1586 elle
434 1514 672 1606 permisimus,
705 1531 746 1585 ut
761 1513 957 1587 damnanda
975 1516 1206 1607 damnantes,
1287 1557 1291 1576 .

137 1613 214 1691 sola
236 1614 491 1687 venerabiliter
513 1611 673 1687 sedanda
696 1611 948 1707 sequeremur,
992 1611 1104 1689 filiurn
1131 1612 1205 1688 Dei

137 1714 338 1789 'Dominum
358 1712 476 1809 Jesum
494 1710 694 1807 Christum,
729 1714 825 1807 quod
846 1714 998 1788 maxime
1014 1715 1057 1787 ab
1076 1713 1116 1786 iis
1143 1736 1205 1787 ne·

132 1817 309 1911 gebatur,
346 1834 409 1905 per
424 1815 501 1887 haec
521 1814 720 1905 docentes,
747 1816 830 1889 dum
850 1814 895 1886 de
910 1835 956 1885 eo
975 1812 1124 1886 testatur
1140 1812 1205 1886 Pa·

139 1931 221 2007 ter,
262 1915 345 1984 dum
365 1913 408 1983 de
427 1910 550 2004 seipse
571 1909 788 2005 profitetur,
826 1914 909 1984 dum
925 1910 1095 2004 Apostoli
1115 1932 1205 2005 prae·

139 2012 286 2103 dicant,
324 2010 407 2082 dum
428 2011 579 2107 religiosi
606 2012 781 2104 credunt,
823 2011 904 2086 dum
935 2010 1114 2098 demones
1134 2012 1204 2084 cla·

134 2124 253 2201 mant,
279 2110 362 2182 dum
381 2108 491 2206 Judaei
510 2122 682 2208 negantes
700 2110 871 2204 fatentur,
892 2112 978 2198 dum
994 2112 1202 2209 ignorantes

134 2211 345 2304 intelligunt
353 2224 500 2305 gentes3
527 2231 573 2284 ne
584 2210 654 2301 J'am
666 2211 911 2307 ambigendum
919 2212 1206 2308 permitteretur,

138 2311 239 2406 quod
259 2308 492 2404 ignorandum
507 2330 582 2382 non
599 2310 877 2401 relinquebatur.

214 2412 271 2484 26.
298 2407 476 2500 Septimus
500 2407 667 2501 deinceps
687 2412 798 2502 liber,
827 2410 1019 2485 secundum
1036 2410 1201 2505 perfetio
1292 2449 1299 2469 .

138 2505 221 2583 fidei
240 2507 405 2603 gradum,
443 2507 610 2603 suscepte
631 2509 880 2604 disputationis
897 2511 1094 2584 sermonem
1111 2525 1202 2585 tem·

134 2611 291 2703 peravit.
341 2607 507 2701 Namque
525 2610 701 2701 primum,
728 2630 792 2701 per
811 2609 1030 2682 inviolabilis
1049 2607 1132 2681 fidei
1150 2608 1201 2683 sa-

135 2731 216 2783 nam
237 2707 271 2779 dc
289 2707 533 2803 incorruptam
551 2707 910 2796 demonstrationem,
944 2708 1038 2780 inter
1054 2707 1200 2783 Sabelli·

133 2827 196 2882 um
220 2804 253 2879 dr
274 2807 505 2900 Hebionem,
531 2807 647 2880 &hos
662 2825 739 2880 non
760 2808 838 2878 veri
857 2807 927 2880 Dei
943 2807 1197 2901 predicatores

133 2909 200 2981 lite
220 2907 400 2999 certavit,
428 2926 492 2978 cur
509 2904 684 2979 Sabellius
703 2904 882 2981 subsistere
898 2923 983 2982 ante
1003 2906 1199 2981 saeculane·

135 3022 262 3104 garet,
305 3027 409 3096 quem
428 3020 587 3080 creatum
605 3007 665 3079 alii
680 3003 954 3083 confiterentur.
1003 3006 1199 3105 ignorabat

132 3108 230 3181 enim
244 3105 415 3178 Sabellius
431 3104 669 3180 subsistentem
684 3103 812 3200 filium,
839 3107 922 3182 dum
934 3106 1052 3181 Deum
1072 3128 1198 3184 verum

134 3219 325 3300 operatum
341 3207 377 3277 in
393 3223 549 3298 corpore
565 3206 634 3280 elle
650 3228 726 3280 non
738 3209 893 3305 ambigit.
943 3208 993 3281 Hi
1003 3223 1122 3282 autem
1135 3229 1200 3282 ne·

130 3307 267 3404 gabant
283 3305 530 3397 nativitatem,
565 3307 598 3377 δι
616 3305 835 3380 affirmabant
851 3322 1073 3399 creaturam,
1111 3307 1197 3383 dum

132 3422 247 3498 opera
266 3406 341 3499 ejus
362 3405 431 3478 Dei
454 3407 531 3478 veri
554 3405 623 3478 else
638 3426 751 3498 opera
768 3428 845 3479 non
865 3409 1081 3502 intelligunt.
1132 3407 1196 3482 Lis

129 3525 282 3597 eorum,
314 3502 403 3578 fides
423 3505 544 3578 nostra
559 3504 620 3578 est.
668 3505 764 3580 Nam
781 3507 863 3579 dum
879 3504 988 3580 filium
1004 3521 1133 3603 negat,
1159 3510 1197 3583 in

130 3625 182 3677 eo
203 3601 531 3696 vincitSabellius,
567 3597 666 3697 quod
688 3602 787 3680 Deus
810 3625 918 3679 verus
941 3623 1111 3701 operatus
1128 3608 1196 3683 est:

129 3702 167 3776 ἃ
189 3698 346 3778 Ecclesia
369 3726 458 3799 eos,
500 3705 559 3795 qui
580 3724 707 3777 verum
728 3707 766 3778 in
789 3702 931 3788 Christo
954 3704 1074 3781 Deum
1094 3728 1199 3804 nega-

129 3804 274 3895 verint,
301 3804 429 3882 vincit.
479 3803 535 3876 At
554 3803 744 3878 verorum
764 3803 1003 3880 subsistentem
1019 3804 1197 3882 Christum

130 3916 217 3976 ante
232 3902 354 3975 saecula
371 3904 408 3977 hi
423 3902 590 3977 adversus
603 3925 685 3978 eum
699 3905 944 3983 demonstrant
959 3905 1095 3999 semper
1109 3927 1196 3999 ope-

126 4016 272 4095 ratum,
308 4000 352 4076 de
373 4005 615 4079 condemnato
633 4002 751 4078 secum
771 4000 927 4081 Sabellio
946 4009 1053 4081 nobis
1075 4007 1198 4077 trium-

126 4102 260 4196 phant,
286 4101 406 4175 Deum
423 4103 564 4194 quidem
578 4124 706 4177 verum
724 4104 890 4196 scientes,
917 4104 977 4179 sed
993 4104 1065 4177 Dei
1083 4102 1197 4180 filium

126 4200 343 4275 nescientes.
382 4202 529 4276 Hebion
543 4207 714 4279 autemab
728 4204 1129 4297 utroqueitavincitur,
1154 4219 1197 4277 ut

126 4300 290 4381 bic'aute
312 4299 437 4381 saecula
454 4300 717 4478 subsrstentfim,
743 4305 804 4384 hic
821 4325 950 4381 verum
968 4303 1087 4413 Deum
1106 4323 1194 4387 con·v

687 4424 710 4499 3
1016 4418 1146 4482 vmcat
