2742 4959
195 662 322 738 xxvm
370 639 863 748 S.H1nanrr,‚Prcra,v.
889 645 1113 730 Er1scor1

193 829 302 906 quem
321 824 481 886 noverat
504 807 624 886 adlauc
641 808 843 908 Manum,
869 813 1000 889 acriter
1016 815 1266 904 inveheretura

194 948 362 1034 parceret
376 933 534 1026 decepto
554 929 795 1028 Imperatori;
820 935 895 1011 imo
914 935 977 1030 ipfi
994 937 1102 1013 etiam
1117 939 1265 1018 Auxen-

193 1053 273 1150 tio,
307 1055 352 1129 de
373 1072 447 1145 quo
465 1053 590 1148 plura,
621 1067 664 1128 ut
677 1051 869 1148 potuiss'et‚
893 1075 970 1130 non
988 1053 1129 1156 scribit,
1157 1083 1263 1154 quant

194 1185 275 1274 que
293 1172 491 1250 necess'ario
507 1171 613 1248 scribi
626 1173 828 1251 debuerant
847 1175 889 1252 ad
908 1177 1129 1276 detegendos
1144 1182 1265 1257 favet·
1293 1225 1295 1272 5

193 1281 273 1376 rimi
292 1292 484 1372 adversarii
498 1291 634 1393 dolos,
665 1297 953 1394 muniendosque
968 1293 1115 1399 fideles,
1140 1325 1187 1381 ne
1204 1304 1264 1380 de·
1291 1347 1295 1398 :

192 1422 410 1521 ciperentut.
531 1431 551 1506 J
790 1429 792 1435 '

199 1634 232 1682 ε
269 1599 1139 1700 AbsolutebocopereGalliaarepetiitHilarius,
1164 1604 1264 1681 hunc
1290 1593 1295 1641 ³

190 1723 309 1802 solum
329 1723 449 1799 secum
467 1737 618 1819 portans
631 1724 766 1799 laboris
781 1723 957 1817 frustum,
995 1727 1095 1818 quod
1113 1729 1263 1801 Auxen-
1289 1809 1294 1828 ⁸

190 1845 265 1920 tine
290 1837 463 1920 Arianam
484 1841 682 1920 doctrinam
701 1860 827 1937 aperte
841 1843 1008 1943 profiteri
1025 1868 1102 1922 non
1118 1844 1261 1945 pollet,
1289 1837 1295 1886 ¹

194 1963 436 2058 &fi.t1'ellet‚=
451 1963 688 2040 adeste-sciret
706 1965 873 2042 laborum
885 1964 1044 2059 socium,
1070 1967 1265 2061 &adjuto
1290 1959 1295 2007 ²

192 2099 315 2163 torem
334 2083 549 2180 Eusebium,
582 2105 742 2178 quocum
765 2083 884 2184 poffet
901 2089 1009 2163 etiam
1029 2087 1264 2185 Imperatoria
1290 2077 1295 2128 ²

191 2223 297 2284 certo
314 2221 437 2284 mente
455 2207 657 2282 orthodoxi
670 2207 894 2284 authoritate
912 2208 1164 2306 comprimere.
1290 2203 1295 2248 ³

196 2417 199 2422 ·
260 2388 433 2466 Fabulam
447 2389 662 2482 ceteroquin
676 2401 798 2463 nutat
815 2387 999 2484 Ruffinus,
1031 2409 1114 2468 cum
1130 2390 1262 2470 librum

189 2507 433 2586 instrutbionis
452 2509 654 2604 plenillimae
677 2511 722 2583 ab
741 2509 884 2584 Hilario
908 2511 952 2583 ad
971 2510 1265 2590 emendationem

189 2652 341 2726 eorum,
368 2632 429 2723 qui
446 2629 660 2707 Ariminensi
679 2627 839 2725 perfidie
855 2615 1143 2726 fiubscrinserant‚
1170 2653 1264 2708 con·

188 2753 383 2850 scriptum,
424 2750 513 2825 dicit
535 2755 588 2828 ita
610 2747 680 2827 esre
702 2752 747 2825 ab
766 2750 919 2825 inimicis
939 2765 1173 2848 corruptum,
1217 2761 1264 2830 ut'

190 2895 279 2950 cum·
299 2874 352 2947 illi
376 2872 501 2966 postea
521 2873 560 2948 in
578 2869 750 2947 Concilio
773 2868 1038 2967 Episcoporum
1064 2872 1264 2952 secundum

191 3018 258 3090 ea,
285 3015 363 3090 quae
379 2998 417 3068 in
436 2992 561 3066 libello
575 2995 681 3087 ipsrua
695 2993 730 3066 se
750 2981 947 3090 corrup'ille
960 3006 1164 3087 noverant,
1189 2995 1264 3068 hae·

188 3117 344 3194 reticum
369 3134 450 3187 eum
473 3109 646 3205 cepiffent
668 3131 828 3206 vocare,
867 3133 911 3187 ac
933 3115 1096 3208 prolatus
1114 3115 1261 3190 libellua

188 3242 271 3318 talis
287 3239 458 3314 inventur
477 3229 587 3325 effer,
622 3247 729 3325 quem
749 3229 822 3326 ipse
840 3254 917 3308 non
939 3233 1169 3332 agnosceret,
1204 3234 1260 3309 le·

189 3363 308 3438 cerint
334 3379 417 3432 eum
448 3353 801 3430 excommunicatum
834 3354 880 3430 de
911 3353 1067 3429 Concilii
1093 3375 1295 3432 conven··

186 3484 292 3561 tione
320 3476 516 3556 discederea
572 3473 665 3548 Rem
683 3475 820 3551 hancce
840 3477 890 3550 ita
908 3478 974 3552 tibi
990 3474 1071 3550 satie
1085 3475 1260 3572 probabi·

187 3603 277 3680 liter·
289 3596 599 3695 interpretaberis:
624 3593 648 3668 ir
666 3595 796 3670 librum
812 3617 833 3670 a
851 3596 1000 3673 Ruffino
1016 3610 1260 3677 memoratum

186 3744 271 3800 eum
290 3722 493 3815 intelligat,
522 3717 563 3790 in
585 3735 659 3807 quo
680 3715 838 3790 Hilarius
857 3715 1037 3792 historiam
1052 3715 1260 3795 Ariminen·

186 3843 232 3922 aa
251 3863 294 3917 ac
316 3838 550 3915 Seleucienfit
571 3835 727 3912 Concilii
750 3839 962 3931 complexus
980 3838 1120 3933 fuerat,
1157 3838 1258 3935 sique

187 3967 287 4045 laune
302 3966 433 4039 librum
450 3962 522 4054 jam
541 3972 630 4034 tunc
645 3960 820 4054 temporie
839 3975 1074 4054 corruptum,
1100 3975 1257 4050 acoron.

186 4080 478 4166 catumextitiffe
496 4080 632 4174 sumas,
658 4081 742 4155 dein
759 4080 855 4154 dicas
873 4079 1074 4169 Rufinum,
1101 4101 1182 4155 cum
1195 4083 1259 4158 au·
1293 4169 1294 4174 Ν

186 4208 268 4288 ditu
293 4219 435 4286 tantum
454 4200 645 4300 accepisset
667 4201 844 4282 Hilarium
869 4204 913 4279 ab
933 4201 1125 4282 Auxentio
1144 4202 1258 4279 hare·
1290 4257 1295 4306 3

1093 4321 1206 4398 ticum
