2742 4959
150 184 1265 454 ἓ

150 461 152 468 ·
799 439 819 482 Ι

190 697 199 708 .
265 622 458 720 Aderant
481 619 741 758 Schulrhefio
763 623 1089 746 Tuofleoruites,
1125 652 1226 718 cum
1288 717 1290 722 ,

154 783 280 878 uubis
314 780 467 870 obvius
497 777 718 885 veniebat,
761 776 840 864 viri
864 775 1022 894 rliquot
1045 785 1225 898 egregii,

150 940 384 1034 Franckius
405 935 525 1041 ulter,
554 929 680 1022 frater
698 931 828 1037 iliius,
857 934 932 1048 qui
947 959 1117 1024 mecum
1135 941 1218 1028 ive

154 1125 229 1202 ur,
264 1091 535 1190 Eeeiesrrstici
548 1089 853 1210 iuris-primum
870 1083 1084 1196 Erfurdiae,
1113 1119 1227 1188 nunc

152 1251 399 1368 Moguntiae
422 1243 616 1360 publicus
632 1237 858 1345 Professor,
895 1239 1070 1362 eleganti
1094 1249 1139 1340 δι
1160 1277 1229 1340 co.

153 1367 375 1520 pio'srffima
390 1397 544 1488 tinitus
560 1393 789 1500 eruditione
804 1399 888 1486 vir:
917 1423 964 1487 ac
980 1398 1066 1489 duo
1080 1365 1228 1498 fratres¹

154 1561 324 1676 Vogtii,
355 1555 481 1644 umbo
503 1556 546 1640 in
563 1554 819 1670 Moguutina
833 1551 1055 1684 Acudemir
1072 1556 1228 1652 Profes-

155 1719 292 1820 sores,
330 1738 444 1800 uuus
460 1711 744 1810 historiarum,
770 1705 871 1796 aiter
890 1707 1078 1822 prasticae
1097 1715 1233 1830 philo.
1288 1701 1291 1708 '

157 1871 324 1988 suphiae.
391 1867 500 1956 Sunt
517 1863 646 1956 mult'a
661 1865 705 1948 iu
721 1861 786 1948 his
802 1855 997 1954 fratribus
1014 1870 1226 1982 praeclrrr,

156 2029 218 2116 iia
232 2049 386 2116 autem
410 2021 644 2142 iugulatis,
680 2017 850 2130 utrique
867 2027 1101 2112 eommunis
1127 2052 1227 2142 prae·

156 2185 364 2298 rogativu,
382 2175 500 2296 quud
510 2175 584 2262 srut
592 2171 716 2263 ambo
723 2197 866 2259 rerum
874 2171 923 2261 ad
931 2179 1104 2288 patriam
1116 2181 1230 2278 suam

154 2331 678 2454 speRmdumperiuffimi‚
707 2316 1230 2451 utpotequosnelapidum

156 2495 419 2612 signatorum
437 2514 561 2606 uuus,
590 2512 642 2572 ue
659 2483 880 2602 vestigium
899 2484 1034 2576 ullum
1051 2489 1145 2581 fasti
1161 2523 1230 2584 cu·

156 2651 330 2766 jusdam
345 2641 623 2746 memorabilis
637 2635 1123 2759 ubicunqueperagrum
1137 2651 1233 2740 Μο-

158 2806 393 2922 guutinum
418 2787 656 2888 universum
688 2817 820 2896 extet,
863 2789 991 2910 fugit,
1035 2823 1106 2921 aut
1124 2801 1234 2901 later.

150 2961 233 3064 Et,
269 2953 392 3074 quod
404 2958 446 3041 in
462 2949 543 3066 ipsa
559 2950 635 3038 hac
644 2946 779 3038 adhuc
794 2954 1065 3070 praerogativa
1074 2982 1120 3045 ut
1131 2984 1232 3076 pm.

161 3119 355 3229 cipuunu
383 3111 515 3226 magis
531 3131 701 3234 mecum
710 3102 938 3208 miraberis,
972 3087 1235 3212 Viriilustris·

159 3270 274 3370 ime,
308 3245 769 3380 nequaquamvuigaris
786 3257 843 3348 est
858 3250 1235 3370 infratribushisce

158 3451 314 3514 rerum
324 3417 672 3534 Mossuntinarum
681 3416 836 3518 notitia,
846 3412 1110 3534 estillagustu
1119 3453 1234 3543 egre·
1254 3420 1260 3432 ’

158 3587 230 3698 gio
255 3572 405 3705 tiniia,
442 3574 484 3660 8<
501 3593 550 3658 ut
566 3574 620 3656 ita
637 3567 792 3672 dicam,
821 3557 1005 3683 quo'dun
1022 3574 1136 3667 sensu
1158 3581 1233 3674 hu-

159 3732 370 3826 manitatis
386 3726 567 3856 imbute:
597 3722 742 3827 nescio,
775 3751 826 3811 un
847 3722 949 3834 satis,
978 3731 1081 3842 quid
1097 3738 1234 3849 veiim,

157 3888 391 4002 intelligar,
424 3880 558 3968 dicam
576 3906 677 3996 ergo
692 3881 811 3994 queis
827 3903 969 3970 motus
985 3891 1236 4005 rationibus,

150 4046 272 4134 hanc
294 4037 351 4158 de
362 4039 587 4154 antiquaria
607 4037 800 4125 Fratrum
815 4037 1072 4154 Vogtiorum
1092 4009 1237 4143 noriria

161 4196 390 4296 censuram
412 4185 565 4300 feram,
594 4189 660 4280 vel
687 4189 878 4307 exempla
891 4200 1032 4310 potius
1049 4196 1235 4314 afferam,

660 4355 710 4399 ’⁹
747 4372 768 4464 5
1093 4353 1186 4472 ejus.
