2742 4959
559 621 761 701 Vna,-
962 627 965 636 '
1164 635 1190 702 tt

140 803 203 858 um
223 775 411 874 quondam
431 777 672 859 Orientalium
683 767 948 882 Episcoporum
969 781 1131 878 setojtm
1144 785 1190 862 td

140 903 266 993 iquem
285 898 466 996 pudorem
485 906 632 980 nuuitae
647 904 779 979 exinde
789 903 981 1001 hereseon,
1006 901 1188 1003 auueque'

140 1021 334 1096 immovit.
1182 1027 1185 1034 '

177 1139 300 1216 Unde
314 1141 427 1236 paulo
445 1155 529 1240 ante
541 1141 671 1220 felium
683 1141 826 1221 Pelcbae
836 1141 1086 1240 asudncyre
1099 1165 1188 1222 con·

140 1261 248 1362 ngati
269 1260 311 1338 in
334 1261 459 1340 odium
475 1261 691 1361 Sirmienlit,
722 1264 960 1362 proximeque
977 1263 1088 1343 secuti
1107 1259 1187 1344 An·

140 1381 279 1458 ocheni
299 1379 519 1458 Conventus
541 1385 656 1460 edunt
680 1385 848 1480 decreta,
884 1407 961 1460 non
983 1385 1188 1463 temen'Ni·

140 1523 211 1578 enar
225 1500 448 1578 confelioni
463 1507 570 1598 plane
586 1503 803 1584 conformia.
851 1504 1113 1601 Imperatorem
1129 1505 1188 1582 ln·

140 1621 202 1699 nni
224 1621 419 1720 legatione
437 1621 535 1700 milla
548 1625 594 1700 de
612 1623 672 1702 sua
691 1623 787 1722 fide,
813 1624 931 1718 deque
948 1623 1088 1718 fraude,
1113 1645 1187 1704 nrt·

140 1765 221 1838 tque
230 1742 375 1816 artibua
386 1741 546 1839 suorum,
572 1766 728 1840 quorum
741 1745 1185 1842 audoritateininviditm

140 1863 381 1952 tducebatur,
407 1867 602 1942 certiorem
624 1864 778 1960 iaciunt,
793 1851 911 1960 ‘’idque
932 1868 1116 1960 obtinent,
1141 1879 1186 1946 ut

140 1987 273 2077 dena,
299 1981 493 2080 Ursaciua,
518 1971 749 2082 Germiniur,
775 1988 928 2083 aliique,
953 1989 1063 2081 quiin
1079 1986 1186 2064 Pons

140 2105 164 2180 ii
181 2103 220 2180 dt
243 2101 324 2180 Ofii
338 2101 551 2182 sententiam
571 2103 834 2200 concellerrnt,
860 2128 905 2200 ac
923 2107 1022 2183 forte
1035 2106 1186 2190 forum·

140 2227 241 2300 'rmio
261 2225 428 2304 nondum
445 2227 683 2322 recellcrant,
716 2228 893 2304 rationem
911 2227 1086 2322 reddere,
1106 2247 1185 2304 cur

140 2344 339 2422 omousion
368 2346 404 2422 u
430 2346 655 2424 bomoeulion
678 2344 842 2424 lirmienfi
862 2346 1018 2423 formula
1044 2344 1185 2442 rejecis-

140 2480 201 2559 nt,
243 2479 487 2564 cogerentur,
520 2487 565 2543 ac
582 2468 715 2544 nullam
733 2466 836 2544 allam
854 2467 1022 2563 proferre
1041 2465 1184 2556 excuse·

140 2607 251 2662 onem
269 2587 453 2674 valenter,
476 2586 541 2664 nili
558 2587 673 2682 quod,
701 2590 786 2683 quid
804 2588 859 2663 bia
876 2589 998 2664 verbis
1012 2584 1184 2684 fignifica-

140 2725 228 2802 tur,
258 2705 449 2803 ignorent,
476 2707 645 2786 damnare
663 2708 986 2804 compellerentur,
1013 2707 1184 2800 quoden-

140 2829 305 2904 aSirmii
321 2827 498 2923 fecerant,
522 2829 655 2906 &fidei
674 2831 720 2904 ab
735 2826 938 2922 Ancyram
958 2828 1083 2928 legatia
1097 2847 1185 2928 pto«.

140 2949 234 3026 titan
255 2943 487 3026 subscribere.
658 2949 664 2962 '

178 3069 249 3144 Ob
268 3067 347 3142 bec
370 3067 612 3146 Orientalium
636 3069 816 3164 Ancyraea
848 3089 892 3146 tc
913 3069 1043 3147 deinde
1061 3069 1181 3156 Sirmii

140 3187 226 3284 csta,
263 3182 342 3282 sper
357 3187 500 3264 Hilario
524 3190 677 3279 maxima
701 3187 833 3266 affulit
853 3191 1020 3268 veritatis
1041 3194 1078 3269 in
1099 3212 1180 3276 erm

140 3310 207 3386 rbir
239 3321 380 3403 partem
402 3309 643 3403 revoctnde,
678 3308 778 3384 unde
797 3323 903 3384 tutet
924 3331 1043 3407 prope
1061 3311 1180 3418 omnir

140 3429 292 3506 tulabat.
341 3429 491 3527 Jamjam
508 3429 625 3505 adello
641 3429 704 3506 libi
721 3429 912 3506 uidebatur
928 3447 1069 3528 tempus
1089 3425 1180 3512 illud

140 3565 300 3647 ptantm,
330 3569 405 3647 quo
423 3549 684 3647 imperatorem
701 3549 837 3644 alloqui
852 3550 1001 3645 liceret,
1027 3572 1070 3627 ac
1090 3566 1176 3628 toto

140 3671 197 3746 be
223 3663 397 3765 Arianam
421 3671 579 3748 heresum
593 3671 730 3769 fugare
793 3667 872 3768 lpse
886 3672 979 3747 enim
998 3673 1045 3748 de
1065 3671 1179 3750 causo

140 3813 172 3864 e
186 3791 360 3868 bonitate
373 3790 533 3886 securus,
556 3791 605 3868 lic
615 3793 722 3868 etium
734 3792 829 3868 bene
837 3791 1011 3868 sentiebat
1020 3792 1067 3868 de
1076 3789 1177 3868 Con·

140 3910 227 3986 mtii
238 3912 389 4010 pietate,
414 3932 470 4008 ut,
488 3913 515 3990 li
531 3915 565 3988 ei
586 3917 813 4008 exponendo
833 3909 923 4020 fidei
939 3909 1098 4011 potestas
1112 3910 1178 3991 ubl

140 4045 234 4126 rtet,
261 4053 368 4127 quem
391 4036 452 4110 ille
466 4033 642 4110 hereticis
657 4032 827 4113 haetenus
839 4031 1051 4128 prestiterat
1070 4030 1178 4108 favo·

140 4173 204 4246 m,
239 4151 412 4251 deinceps
432 4155 470 4229 in
493 4154 641 4253 gantiam
662 4151 940 4230 Catholicorum
955 4164 1178 4230 converten-

140 4291 187 4352 uu
208 4269 376 4354 ellenon
394 4276 604 4379 ambigeret
659 4272 717 4352 Ut
728 4275 839 4378 igion
855 4275 956 4354 votit
970 4273 1176 4472 pgtiremr,

599 4413 667 4494 ep
788 4465 792 4472 .
1031 4411 1124 4478 rreu-
