2742 4959
89 512 157 581 tas
185 485 471 593 discalceatos,
502 494 577 607 qui
592 487 644 579 ad
665 487 784 581 Divae
802 487 1062 607 Magdalenae
1084 519 1134 608 pc

94 647 264 738 nitentis
279 642 495 756 aedeanhic
512 646 779 761 Wirceburgi
792 671 1021 753 morantur,
1050 650 1134 764 apli

95 803 216 894 ribus
230 801 311 915 jam
329 803 445 889 annis
468 799 512 888 in
531 801 766 918 Theologia
780 801 949 895 Lenior.
1005 802 1134 894 Patren

93 954 340 1050 Gabrielem
368 954 421 1045 ab
445 960 756 1072 annuntiatione
773 958 817 1046 B.
837 958 889 1047 V.
908 959 974 1048 M.
990 956 1050 1048 sui
1068 987 1134 1046 eut

97 1129 363 1238 noncupant:
393 1109 598 1228 gentilitio
608 1115 776 1201 nomine
784 1110 971 1202 Andreas
982 1111 1134 1204 Schmit

99 1269 203 1376 olim
232 1263 375 1362 audiit.
871 1348 873 1351 ,

131 1525 133 1529 .
213 1420 344 1524 Quod
360 1418 416 1508 illi
436 1423 586 1538 igitur,
616 1419 661 1508 8<
678 1419 811 1511 studio
833 1421 1096 1542 Patrologiae,
1125 1442 1134 1513 i

97 1573 277 1668 officinae
308 1575 546 1666 Stahelianae
578 1569 754 1664 feliciter
778 1575 915 1685 cedat,
963 1580 1016 1668 ab
1049 1582 1134 1669 edet

98 1729 162 1822 dis
194 1733 364 1822 Panum
394 1728 718 1844 apostolicorum
746 1728 906 1847 scriptis
939 1740 1040 1830 novi
1072 1767 1097 1828 a
1129 1760 1134 1825 t

98 1885 271 2003 fiascepti
291 1886 479 1975 muneris
496 1882 672 1998 auspicia
686 1883 840 2004 capiet!

213 2039 460 2136 Habueram
477 2037 741 2130 botlenus-in
757 2040 946 2132 curandis
960 2043 1134 2140 latinisP

97 2196 235 2288 tribus
251 2196 401 2314 (gtaeci
409 2194 482 2286 soli
491 2193 763 2311 sphalmatutn
773 2197 1011 2305 corretion,
1039 2232 1134 2319 quei

97 2355 294 2445 librarius
311 2350 501 2466 elegerat,
530 2376 647 2466 erant
661 2351 816 2458 relilli)
844 2352 996 2442 laboris
1016 2350 1134 2454 sociui

101 2512 300 2602 dextrum
315 2505 406 2596 sane
423 2507 468 2596 81
483 2506 688 2609 solertem,
718 2512 863 2596 meum
881 2511 1095 2632 quondam
1119 2522 1134 2607 a

101 2662 307 2781 scipulum
331 2663 561 2760 mihiinter
586 2662 742 2755 multos
768 2665 1014 2778 probatum,
1059 2674 1134 2761 &t

99 2822 254 2916 multas
276 2818 371 2908 alias
396 2818 607 2908 litterariae
633 2818 734 2906 mihi
758 2846 903 2933 operas
927 2825 1134 2937 praestanda

99 3004 219 3076 ame
240 2973 459 3079 adscitum,
498 2969 679 3062 succelsu
704 2999 791 3062 non
816 2977 1077 3088 paenitendo,
1105 2983 1134 3070 R

103 3129 309 3222 chordam
324 3127 588 3244 Eridericum
605 3126 774 3233 Nicola,
804 3127 1134 3225 Dattelbacensen

105 3314 220 3382 nunc
239 3288 284 3376 in
303 3286 464 3376 civitote
479 3283 547 3374 sua
561 3286 693 3400 patria
712 3283 889 3387 Cu‘rioni
910 3289 955 3375 in
969 3288 1082 3379 sacro
1097 3321 1134 3379 tn

98 3433 279 3537 nisterio
300 3438 603 3557 coadjutorem.
667 3436 782 3530 Huic
813 3466 1015 3558 quoque,
1063 3472 1134 3534 ant

104 3615 234 3721 quant
260 3596 378 3686 alteri
409 3595 567 3686 tradant
598 3569 837 3686 curandum
877 3624 1016 3714 opus,
1056 3628 1134 3719 qut

104 3779 163 3844 ex
180 3771 331 3881 magna
353 3777 472 3870 parte
494 3752 621 3842 ambo
648 3750 768 3842 simol
789 3750 988 3845 haetenus
1012 3785 1134 3852 curav

102 3934 225 4015 mus,
254 3903 510 4023 quodsuum
527 3908 604 4013 est,
632 3904 801 3998 laudem
819 3908 990 4018 scilicet,
1017 3913 1061 4003 δι
1082 3940 1133 4030 gr

104 4085 189 4169 tes,
234 4063 381 4181 &pto
399 4061 563 4156 meliori
588 4062 695 4154 sorte
723 4088 872 4166 votum
893 4070 938 4160 ln
960 4068 1068 4160 bene
1091 4069 1134 4164 at

1005 4220 1117 4318 labo·
