2742 4959
201 619 256 722 64³
297 647 303 670 ·
400 623 436 700 8.
471 621 672 698 Hierum
703 641 760 694 os
790 620 1067 702 Tarnrsnas

201 791 285 884 quia
300 790 336 862 in
349 799 507 878 utroque
526 782 604 878 spes
620 785 705 856 vitae
719 782 784 857 est:
811 806 881 860 nec
898 785 999 862 Deus
1019 811 1127 865 votus
1148 793 1192 868 ab
1218 817 1277 874 eo·

204 888 349 980 deficit,
375 887 487 979 quiin
503 883 762 978 conjunsiione
777 883 945 964 succedit.
999 888 1089 964 Cum
1111 913 1201 992 ergo
1217 900 1270 972 di.

160 1049 164 1062 .
205 993 319 1064 citur:
354 993 400 1058 Ut
417 987 595 1080 cognoscam
613 997 645 1056 'te
661 987 757 1067 [olm
769 1011 882 1058 utrum
903 994 1024 1078 Deum,
1050 990 1089 1067 (ὅ
1104 1019 1193 1090 quem
1207 1005 1270 1070 nia

191 1093 260 1194 filli·
293 1088 403 1184 Ἥκω
429 1087 608 1180 curidum
647 1083 709 1158 sub
733 1085 802 1159 hac
818 1084 1100 1184 significatione,
1139 1094 1175 1168 id
1194 1095 1270 1194 est,

202 1181 377 1268 mittentis
399 1187 433 1260 dr
448 1185 547 1278 milli,
573 1206 649 1258 non
665 1183 779 1259 Patris
795 1187 829 1259 dr
844 1187 924 1260 Filii
942 1192 1076 1266 veritas
1092 1191 1270 1272 &divini-

205 1307 259 1364 tas
273 1291 334 1364 sub
354 1289 469 1378 aliqua
486 1301 548 1360 aut
564 1283 846 1380 significationis,
873 1301 934 1362 aut
947 1290 1128 1366 dilationis
1146 1295 1270 1372 diver-

202 1393 306 1466 sitate
321 1387 551 1477 discernitur,
576 1383 635 1458 sed
652 1386 695 1457 ad
709 1386 886 1481 gignentis
903 1388 1061 1488 &geniti
1077 1394 1271 1472 confesso·-

203 1513 285 1566 uem
306 1485 393 1563 fides
416 1487 598 1584 religionis
613 1485 807 1561 instruitur.
934 1573 938 1586 Ι

282 1612 336 1679 ¹5·
363 1584 461 1685 Ergo
480 1583 657 1678 absolute,
682 1583 824 1661 Patrem
832 1585 940 1662 Filius
961 1589 1133 1666 clarificat
1148 1596 1185 1669 in
1204 1619 1268 1695 eo,

204 1691 305 1784 quod
327 1689 500 1781 sequitur:
534 1684 599 1780 Ego
615 1685 938 1785 teclarificaoisuper
957 1708 1076 1762 terram
1094 1714 1182 1789 opere
1196 1721 1270 1772 corr.

197 1795 367 1885 flammato,
393 1791 473 1886 quod
489 1787 704 1883 dedijiimihi,
729 1787 905 1879 ursaciolo.
957 1790 1051 1864 Laus
1063 1792 1177 1872 Patris
1190 1819 1269 1874 om·
1297 1865 1299 1882 .

203 1894 260 1969 nis
279 1889 403 1966 aFilio
417 1886 485 1964 est:
511 1887 607 1979 quia,
629 1887 667 1958 in
684 1887 812 1979 quibus
829 1889 1029 1964 laudabitur
1038 1891 1067 1965 F
1068 1894 1164 1988 ilius,
1191 1900 1269 1974 laus

204 1993 274 2068 erit
290 1990 414 2066 Patris.
465 1983 698 2062 consummat
715 1988 809 2061 enim
830 1993 962 2082 omnia,
989 2013 1065 2085 que
1080 1993 1187 2069 Pater
1201 2019 1270 2072 vo·

203 2095 283 2168 luit.
332 2089 403 2164 Dei
419 2086 513 2162 filius
528 2088 641 2162 bomo
662 2085 839 2177 nascitur3
866 2087 924 2163 sed
941 2091 1011 2166 Dei
1028 2095 1062 2165 in
1075 2111 1180 2188 partu
1196 2099 1271 2170 vir·

203 2194 293 2290 ginis
315 2190 430 2263 virtus
451 2186 512 2261 en
563 2185 635 2260 Dei
656 2185 749 2262 filius
763 2189 875 2262 homo
889 2192 1065 2290 cemitut3
1093 2191 1150 2268 sed
1165 2195 1269 2272 Deus

204 2297 242 2368 in
262 2288 431 2386 operibus
449 2287 604 2359 bominis
624 2285 765 2360 exsistit.
819 2289 889 2360 Dei
906 2287 999 2363 filius
1016 2296 1115 2367 cruci
1128 2292 1267 2390 figitur3

204 2392 265 2467 sed
279 2393 315 2462 in
336 2385 608 2461 crucehominis
629 2403 784 2460 mortem
802 2386 902 2460 Deus
929 2394 1055 2467 vincit.
1107 2392 1269 2470 Christus

204 2491 276 2565 Dei
292 2486 385 2564 filius
400 2489 435 2560 in
448 2486 571 2559 inseris
588 2486 659 2572 est3
688 2486 745 2558 sed
762 2488 873 2561 homo
893 2489 1049 2564 refertur
1062 2494 1108 2566 ad
1126 2499 1265 2573 caelum.

204 2592 245 2666 ln
267 2603 438 2684 quantum
458 2588 533 2660 hec
555 2587 791 2658 laudabuntur
810 2589 845 2660 in
866 2587 1030 2686 Christo,
1063 2608 1168 2667 tanto
1188 2602 1268 2691 plus

203 2695 337 2777 laudis,
372 2709 479 2780 aquo
496 2686 651 2762 Christus
670 2686 742 2773 est.
770 2687 1019 2780 consequetur.
1072 2695 1137 2767 llis
1159 2698 1268 2794 igitur

204 2796 321 2871 modis
335 2792 438 2866 Patet
450 2788 576 2864 Filium
588 2784 760 2863 clarificat
771 2789 1031 2880 superterram:
1057 2793 1269 2890 rursumque

204 2898 314 2971 Filius
328 2895 543 2989 ignorationi
562 2892 719 2990 gentium
740 2887 942 2964 &stultitias
960 2892 1088 2985 saeculi,
1113 2916 1180 2987 per
1193 2900 1267 2969 vir·

205 3013 322 3070 tutum
342 2992 476 3065 suarum
494 3014 625 3084 opera,
654 3015 756 3072 eum.
791 3014 836 3064 ex
857 3013 930 3084 quo
946 2991 996 3065 est
1016 2992 1111 3088 ipse,
1139 2996 1267 3071 clarifi-

205 3111 274 3172 cat.
332 3092 380 3167 Et
404 3095 480 3165 hac
507 3092 649 3179 quidem
675 3086 940 3168 clarificationis
963 3095 1164 3170 vicissitudo
1189 3120 1266 3172 non

202 3196 361 3290 pertinet
385 3193 428 3266 ad
457 3191 654 3264 divinitatis
679 3189 899 3283 profestum,
933 3192 991 3268 sed
1011 3197 1054 3268 ad
1084 3196 1266 3273 honorem

206 3317 309 3389 eum,
336 3295 459 3384 quiex
488 3291 700 3386 cognitione
727 3291 966 3384 ignorantium
998 3293 1263 3389 suscipiebatur.

205 3399 292 3484 Quo
311 3395 405 3469 enirn
424 3393 530 3466 Pater
546 3413 620 3465 non
634 3391 849 3484 abundabat,
877 3416 922 3465 ex
941 3417 1014 3486 quo
1033 3395 1112 3468 sunt
1129 3399 1262 3474 onmia.

203 3497 276 3569 Vel
296 3496 380 3588 quid
398 3495 491 3568 Filio
514 3494 658 3583 deerat,
683 3495 718 3564 in
742 3514 815 3580 quo
836 3498 1103 3587 complacuerat
1119 3518 1266 3572 omnem

203 3596 460 3688 plenitudinem
486 3593 681 3666 divinitatis
709 3592 889 3666 babitare:
927 3593 1024 3691 Ergo
1049 3596 1266 3671 clarificatur

198 3695 309 3870 gater
328 3697 363 3769 in
387 3710 501 3769 terra:
528 3696 609 3786 quia
627 3714 720 3786 opus
742 3694 837 3787 ejus,
863 3698 961 3787 quod
985 3698 1188 3788 mandavit,
1214 3699 1266 3772 ef·

230 3797 333 3872 citur.

283 3897 337 3969 16.
364 3894 581 3977 Videamus,
607 3891 691 3984 quid
707 3891 816 3966 Filius
836 3893 977 3967 aPatre
996 3892 1264 3972 clarificationis

202 3994 399 4090 exspeslct:
434 3993 686 4067 &absolutum
711 3994 771 4069 est.
822 3993 916 4067 Nam
938 3998 1265 4072 incontinentibus

202 4096 271 4168 eil:
309 4095 374 4188 Ego
395 4110 427 4165 te
452 4090 737 4187 claruscavisuper
760 4113 897 4167 terram.
934 4119 1007 4193 opus
1029 4099 1265 4187 consummavi,

202 4199 282 4293 quod
298 4194 404 4294 dedisti
420 4193 504 4264 milri
514 4243 525 4279 ,
552 4207 589 4261 ut
604 4191 767 4283 facerem.-
793 4193 833 4271 dl
848 4221 934 4266 nunc
949 4200 1086 4289 clarifica
1099 4223 1147 4271 me
1170 4203 1267 4271 Pater

200 4301 284 4395 apud
300 4293 718 4396 tenutipfirmeaclaritate,
742 4319 834 4394 quam
849 4297 959 4390 habui,
984 4305 1039 4400 qui
1056 4304 1266 4398 priusquam

1076 4405 1218 4473 muudus

404 4669 510 4701 Α
