<?xml version="1.0" encoding="UTF-8"?>
<!DOCTYPE html PUBLIC "-//W3C//DTD XHTML 1.0 Transitional//EN"
    "http://www.w3.org/TR/xhtml1/DTD/xhtml1-transitional.dtd">
<html xmlns="http://www.w3.org/1999/xhtml" xml:lang="en" lang="en">
 <head>
  <title>
</title>
<meta http-equiv="Content-Type" content="text/html;charset=utf-8" />
  <meta name='ocr-system' content='tesseract 3.04.00' />
  <meta name='ocr-capabilities' content='ocr_page ocr_carea ocr_par ocr_line ocrx_word'/>
</head>
<body>
  <div class='ocr_page' id='page_1' title='image "./operaomniasanct00librgoog/operaomniasanct00librgoog_0071.png"; bbox 0 0 2742 4959; ppageno 0'>
   <div class='ocr_carea' id='block_1_1' title="bbox 468 597 1195 710">
    <p class='ocr_par' dir='ltr' id='par_1_1' title="bbox 468 597 1195 710">
     <span class='ocr_line' id='line_1_1' title="bbox 468 597 1195 710; baseline -0.003 -25"><span class='ocrx_word' id='word_1_1' title='bbox 468 671 472 676; x_wconf 92' lang='lat'><em>.</em></span> <span class='ocrx_word' id='word_1_2' title='bbox 554 597 753 693; x_wconf 66' lang='lat' dir='ltr'><strong>Vsu.</strong></span> <span class='ocrx_word' id='word_1_3' title='bbox 847 703 849 710; x_wconf 28' lang='grc' dir='ltr'>Ι</span> <span class='ocrx_word' id='word_1_4' title='bbox 1103 635 1195 692; x_wconf 76' lang='lat' dir='ltr'><strong>xm</strong></span> 
     </span>
    </p>
   </div>
   <div class='ocr_carea' id='block_1_2' title="bbox 140 766 1197 1458">
    <p class='ocr_par' dir='ltr' id='par_1_2' title="bbox 140 766 1197 1458">
     <span class='ocr_line' id='line_1_2' title="bbox 189 766 1197 866; baseline 0.01 -16"><span class='ocrx_word' id='word_1_5' title='bbox 189 771 442 850; x_wconf 80' lang='lat' dir='ltr'><strong>Druthmrrur</strong></span> <span class='ocrx_word' id='word_1_6' title='bbox 459 771 567 852; x_wconf 78' lang='lat' dir='ltr'><strong>etiam</strong></span> <span class='ocrx_word' id='word_1_7' title='bbox 582 766 866 866; x_wconf 80' lang='lat' dir='ltr'><strong>ortioneAquit.</strong></span> <span class='ocrx_word' id='word_1_8' title='bbox 879 769 1087 854; x_wconf 80' lang='lat' dir='ltr'><strong>Mourchur</strong></span> <span class='ocrx_word' id='word_1_9' title='bbox 1103 772 1197 860; x_wconf 61' lang='lat' dir='ltr'><strong>Co»</strong></span> 
     </span>
     <span class='ocr_line' id='line_1_3' title="bbox 143 881 1195 996; baseline -0.002 -22"><span class='ocrx_word' id='word_1_10' title='bbox 143 898 188 993; x_wconf 86' lang='lat' dir='ltr'><strong>ej.</strong></span> <span class='ocrx_word' id='word_1_11' title='bbox 212 896 284 990; x_wconf 44' lang='lat' dir='ltr'><strong>,qui</strong></span> <span class='ocrx_word' id='word_1_12' title='bbox 306 881 406 968; x_wconf 68' lang='lat' dir='ltr'><strong>&#39;circo</strong></span> <span class='ocrx_word' id='word_1_13' title='bbox 430 892 546 970; x_wconf 82' lang='lat' dir='ltr'><strong>saecul.</strong></span> <span class='ocrx_word' id='word_1_14' title='bbox 571 893 635 971; x_wconf 89' lang='grc' dir='ltr'><strong>ΙΧ.</strong></span> <span class='ocrx_word' id='word_1_15' title='bbox 661 892 788 970; x_wconf 88' lang='lat' dir='ltr'><strong>floruit</strong></span> <span class='ocrx_word' id='word_1_16' title='bbox 805 946 839 990; x_wconf 83' lang='lat'>„</span> <span class='ocrx_word' id='word_1_17' title='bbox 869 895 946 996; x_wconf 81' lang='lat' dir='ltr'><strong>rit:</strong></span> <span class='ocrx_word' id='word_1_18' title='bbox 996 895 1128 988; x_wconf 88' lang='lat' dir='ltr'><strong>„Vidi</strong></span> <span class='ocrx_word' id='word_1_19' title='bbox 1154 897 1195 972; x_wconf 89' lang='lat' dir='ltr'><strong>li·</strong></span> 
     </span>
     <span class='ocr_line' id='line_1_4' title="bbox 143 1009 1192 1116; baseline 0.002 -24"><span class='ocrx_word' id='word_1_20' title='bbox 143 1041 227 1094; x_wconf 86' lang='lat' dir='ltr'><strong>rum</strong></span> <span class='ocrx_word' id='word_1_21' title='bbox 252 1016 445 1116; x_wconf 82' lang='lat' dir='ltr'><strong>Evangelii</strong></span> <span class='ocrx_word' id='word_1_22' title='bbox 470 1033 585 1111; x_wconf 84' lang='lat' dir='ltr'><strong>graece</strong></span> <span class='ocrx_word' id='word_1_23' title='bbox 609 1009 804 1109; x_wconf 85' lang='lat' dir='ltr'><strong>scriptum,</strong></span> <span class='ocrx_word' id='word_1_24' title='bbox 856 1015 917 1105; x_wconf 87' lang='lat' dir='ltr'><strong>qui</strong></span> <span class='ocrx_word' id='word_1_25' title='bbox 943 1014 1192 1114; x_wconf 68' lang='lat' dir='ltr'><strong>dicebatur&amp;</strong></span> 
     </span>
     <span class='ocr_line' id='line_1_5' title="bbox 140 1134 1195 1231; baseline -0.005 -17"><span class='ocrx_word' id='word_1_26' title='bbox 140 1137 248 1214; x_wconf 82' lang='lat' dir='ltr'><strong>lilarii</strong></span> <span class='ocrx_word' id='word_1_27' title='bbox 275 1134 400 1230; x_wconf 77' lang='lat' dir='ltr'><strong>suille,</strong></span> <span class='ocrx_word' id='word_1_28' title='bbox 450 1139 487 1209; x_wconf 94' lang='lat' dir='ltr'><strong>in</strong></span> <span class='ocrx_word' id='word_1_29' title='bbox 514 1154 588 1226; x_wconf 90' lang='lat' dir='ltr'><strong>quo</strong></span> <span class='ocrx_word' id='word_1_30' title='bbox 611 1135 716 1230; x_wconf 84' lang='lat' dir='ltr'><strong>primi</strong></span> <span class='ocrx_word' id='word_1_31' title='bbox 741 1146 845 1214; x_wconf 81' lang='lat' dir='ltr'><strong>erant</strong></span> <span class='ocrx_word' id='word_1_32' title='bbox 868 1135 1047 1211; x_wconf 78' lang='lat' dir='ltr'><strong>Mathaeus</strong></span> <span class='ocrx_word' id='word_1_33' title='bbox 1073 1135 1109 1209; x_wconf 72' lang='grc' dir='ltr'>ἀ</span> <span class='ocrx_word' id='word_1_34' title='bbox 1132 1136 1195 1231; x_wconf 87' lang='lat' dir='ltr'><strong>Jo-</strong></span> 
     </span>
     <span class='ocr_line' id='line_1_6' title="bbox 140 1252 1193 1354; baseline 0 -20"><span class='ocrx_word' id='word_1_35' title='bbox 140 1279 267 1354; x_wconf 85' lang='lat' dir='ltr'><strong>nnes,</strong></span> <span class='ocrx_word' id='word_1_36' title='bbox 320 1256 354 1332; x_wconf 73' lang='grc' dir='ltr'><strong>δι</strong></span> <span class='ocrx_word' id='word_1_37' title='bbox 387 1254 565 1351; x_wconf 82' lang='lat' dir='ltr'><strong>posterius</strong></span> <span class='ocrx_word' id='word_1_38' title='bbox 591 1254 678 1332; x_wconf 82' lang='lat' dir='ltr'><strong>alii:</strong></span> <span class='ocrx_word' id='word_1_39' title='bbox 725 1252 875 1336; x_wconf 68' lang='lat' dir='ltr'><strong>Marcus</strong></span> <span class='ocrx_word' id='word_1_40' title='bbox 896 1252 1036 1340; x_wconf 80' lang='lat' dir='ltr'><strong>scilicet</strong></span> <span class='ocrx_word' id='word_1_41' title='bbox 1062 1257 1096 1332; x_wconf 75' lang='grc' dir='ltr'>ἂ</span> <span class='ocrx_word' id='word_1_42' title='bbox 1119 1256 1193 1334; x_wconf 92' lang='lat' dir='ltr'><strong>Lu·</strong></span> 
     </span>
     <span class='ocr_line' id='line_1_7' title="bbox 141 1381 1057 1458; baseline -0.005 -37"><span class='ocrx_word' id='word_1_43' title='bbox 141 1381 245 1458; x_wconf 46' lang='grc'><strong>38016</strong></span> <span class='ocrx_word' id='word_1_44' title='bbox 1053 1407 1057 1416; x_wconf 92' lang='lat'>.</span> 
     </span>
    </p>
   </div>
   <div class='ocr_carea' id='block_1_3' title="bbox 140 1517 1194 4052">
    <p class='ocr_par' dir='ltr' id='par_1_3' title="bbox 140 1517 1194 2102">
     <span class='ocr_line' id='line_1_8' title="bbox 189 1517 1194 1612; baseline -0.002 -16"><span class='ocrx_word' id='word_1_45' title='bbox 189 1519 377 1596; x_wconf 83' lang='lat' dir='ltr'><strong>Summam</strong></span> <span class='ocrx_word' id='word_1_46' title='bbox 402 1517 488 1598; x_wconf 77' lang='lat' dir='ltr'><strong>vitu</strong></span> <span class='ocrx_word' id='word_1_47' title='bbox 514 1519 584 1594; x_wconf 86' lang='lat' dir='ltr'><strong>viri</strong></span> <span class='ocrx_word' id='word_1_48' title='bbox 609 1518 713 1612; x_wconf 82' lang='lat' dir='ltr'><strong>hujus</strong></span> <span class='ocrx_word' id='word_1_49' title='bbox 732 1538 823 1594; x_wconf 83' lang='lat' dir='ltr'><strong>vere</strong></span> <span class='ocrx_word' id='word_1_50' title='bbox 842 1519 1082 1597; x_wconf 71' lang='lat' dir='ltr'><strong>memorabilis</strong></span> <span class='ocrx_word' id='word_1_51' title='bbox 1102 1517 1194 1596; x_wconf 85' lang='lat' dir='ltr'><strong>For·</strong></span> 
     </span>
     <span class='ocr_line' id='line_1_9' title="bbox 140 1633 1192 1735; baseline 0.001 -20"><span class='ocrx_word' id='word_1_52' title='bbox 140 1657 268 1716; x_wconf 72' lang='lat' dir='ltr'><strong>unctus</strong></span> <span class='ocrx_word' id='word_1_53' title='bbox 296 1640 369 1716; x_wconf 91' lang='lat' dir='ltr'><strong>hoc</strong></span> <span class='ocrx_word' id='word_1_54' title='bbox 394 1641 497 1716; x_wconf 85' lang='lat' dir='ltr'><strong>brevi</strong></span> <span class='ocrx_word' id='word_1_55' title='bbox 524 1651 706 1716; x_wconf 83' lang='lat' dir='ltr'><strong>commate</strong></span> <span class='ocrx_word' id='word_1_56' title='bbox 731 1639 1008 1735; x_wconf 73' lang='lat' dir='ltr'><strong>comp&#39;leciitur:</strong></span> <span class='ocrx_word' id='word_1_57' title='bbox 1052 1633 1192 1730; x_wconf 86' lang='lat' dir='ltr'><strong>„Dum</strong></span> 
     </span>
     <span class='ocr_line' id='line_1_10' title="bbox 140 1755 1192 1865; baseline 0.003 -29"><span class='ocrx_word' id='word_1_58' title='bbox 140 1759 298 1859; x_wconf 82' lang='lat' dir='ltr'><strong>uperstes</strong></span> <span class='ocrx_word' id='word_1_59' title='bbox 334 1759 403 1833; x_wconf 85' lang='lat' dir='ltr'><strong>fuit</strong></span> <span class='ocrx_word' id='word_1_60' title='bbox 425 1759 461 1834; x_wconf 92' lang='lat' dir='ltr'><strong>in</strong></span> <span class='ocrx_word' id='word_1_61' title='bbox 488 1758 639 1856; x_wconf 80' lang='lat' dir='ltr'><strong>seculo,</strong></span> <span class='ocrx_word' id='word_1_62' title='bbox 690 1775 753 1836; x_wconf 81' lang='lat' dir='ltr'><strong>rut</strong></span> <span class='ocrx_word' id='word_1_63' title='bbox 776 1760 912 1865; x_wconf 73' lang='lat' dir='ltr'><strong>scripit</strong></span> <span class='ocrx_word' id='word_1_64' title='bbox 936 1755 1192 1840; x_wconf 63' lang='lat' dir='ltr'><strong>Ecclesiastico</strong></span> 
     </span>
     <span class='ocr_line' id='line_1_11' title="bbox 140 1880 1193 1977; baseline 0 -17"><span class='ocrx_word' id='word_1_65' title='bbox 140 1887 200 1961; x_wconf 79' lang='lat' dir='ltr'><strong>dei</strong></span> <span class='ocrx_word' id='word_1_66' title='bbox 229 1883 484 1975; x_wconf 85' lang='lat' dir='ltr'><strong>documenta,</strong></span> <span class='ocrx_word' id='word_1_67' title='bbox 535 1896 598 1956; x_wconf 81' lang='lat' dir='ltr'><strong>aut</strong></span> <span class='ocrx_word' id='word_1_68' title='bbox 623 1880 818 1977; x_wconf 82' lang='lat' dir='ltr'><strong>pugnando</strong></span> <span class='ocrx_word' id='word_1_69' title='bbox 842 1882 999 1956; x_wconf 77' lang='lat' dir='ltr'><strong>calcavit</strong></span> <span class='ocrx_word' id='word_1_70' title='bbox 1023 1885 1193 1961; x_wconf 69' lang='lat' dir='ltr'><strong>heretico</strong></span> 
     </span>
     <span class='ocr_line' id='line_1_12' title="bbox 140 1999 1192 2102; baseline -0.003 -23"><span class='ocrx_word' id='word_1_71' title='bbox 140 2006 287 2099; x_wconf 74' lang='lat' dir='ltr'><strong>iimina,</strong></span> <span class='ocrx_word' id='word_1_72' title='bbox 313 2017 375 2078; x_wconf 82' lang='lat' dir='ltr'><strong>rut</strong></span> <span class='ocrx_word' id='word_1_73' title='bbox 397 2003 538 2096; x_wconf 86' lang='lat' dir='ltr'><strong>petenti</strong></span> <span class='ocrx_word' id='word_1_74' title='bbox 564 2001 691 2077; x_wconf 89' lang='lat' dir='ltr'>tribuit</span> <span class='ocrx_word' id='word_1_75' title='bbox 715 2002 971 2076; x_wconf 80' lang='lat' dir='ltr'><strong>miraculorum</strong></span> <span class='ocrx_word' id='word_1_76' title='bbox 985 1999 1192 2102; x_wconf 71' lang='lat' dir='ltr'><strong>suffragin‘⁶</strong></span> 
     </span>
    </p>

    <p class='ocr_par' dir='ltr' id='par_1_4' title="bbox 140 2141 1193 4052">
     <span class='ocr_line' id='line_1_13' title="bbox 190 2141 1193 2238; baseline 0 -16"><span class='ocrx_word' id='word_1_77' title='bbox 190 2147 349 2222; x_wconf 89' lang='lat' dir='ltr'><strong>Obitum</strong></span> <span class='ocrx_word' id='word_1_78' title='bbox 382 2144 476 2218; x_wconf 85' lang='lat' dir='ltr'><strong>illius</strong></span> <span class='ocrx_word' id='word_1_79' title='bbox 509 2143 548 2217; x_wconf 90' lang='lat' dir='ltr'><strong>in</strong></span> <span class='ocrx_word' id='word_1_80' title='bbox 584 2142 677 2218; x_wconf 83' lang='lat' dir='ltr'><strong>diem</strong></span> <span class='ocrx_word' id='word_1_81' title='bbox 711 2161 768 2236; x_wconf 80' lang='lat'><strong>13.</strong></span> <span class='ocrx_word' id='word_1_82' title='bbox 804 2141 883 2238; x_wconf 84' lang='lat' dir='ltr'><strong>Jan.</strong></span> <span class='ocrx_word' id='word_1_83' title='bbox 919 2149 1000 2237; x_wconf 82' lang='lat'><strong>3⁶7·</strong></span> <span class='ocrx_word' id='word_1_84' title='bbox 1031 2143 1193 2224; x_wconf 77' lang='lat' dir='ltr'><strong>incidiss&#39;c</strong></span> 
     </span>
     <span class='ocr_line' id='line_1_14' title="bbox 140 2249 1191 2361; baseline 0.003 -17"><span class='ocrx_word' id='word_1_85' title='bbox 140 2270 284 2359; x_wconf 80' lang='lat' dir='ltr'><strong>letique</strong></span> <span class='ocrx_word' id='word_1_86' title='bbox 308 2261 468 2339; x_wconf 78' lang='lat' dir='ltr'><strong>se&#39;ntiunt</strong></span> <span class='ocrx_word' id='word_1_87' title='bbox 490 2264 840 2361; x_wconf 81' lang='lat' dir='ltr'><strong>martyrologiorum</strong></span> <span class='ocrx_word' id='word_1_88' title='bbox 859 2249 967 2340; x_wconf 84' lang='lat' dir='ltr'><strong>fidem</strong></span> <span class='ocrx_word' id='word_1_89' title='bbox 989 2264 1191 2361; x_wconf 81' lang='lat' dir='ltr'><strong>sequenter.</strong></span> 
     </span>
     <span class='ocr_line' id='line_1_15' title="bbox 140 2382 1193 2486; baseline -0.001 -23"><span class='ocrx_word' id='word_1_90' title='bbox 140 2391 190 2464; x_wconf 80' lang='lat' dir='ltr'><strong>liii</strong></span> <span class='ocrx_word' id='word_1_91' title='bbox 218 2386 307 2462; x_wconf 86' lang='lat' dir='ltr'><strong>Idus</strong></span> <span class='ocrx_word' id='word_1_92' title='bbox 327 2387 511 2484; x_wconf 84' lang='lat' dir='ltr'><strong>Januarias</strong></span> <span class='ocrx_word' id='word_1_93' title='bbox 537 2385 620 2460; x_wconf 84' lang='lat' dir='ltr'><strong>anni</strong></span> <span class='ocrx_word' id='word_1_94' title='bbox 649 2387 732 2470; x_wconf 60' lang='lat'><strong>268.</strong></span> <span class='ocrx_word' id='word_1_95' title='bbox 755 2382 880 2459; x_wconf 85' lang='lat' dir='ltr'><strong>Hilarii</strong></span> <span class='ocrx_word' id='word_1_96' title='bbox 905 2400 1027 2460; x_wconf 90' lang='lat' dir='ltr'><strong>morte</strong></span> <span class='ocrx_word' id='word_1_97' title='bbox 1051 2387 1193 2486; x_wconf 83' lang='lat' dir='ltr'><strong>infigni·</strong></span> 
     </span>
     <span class='ocr_line' id='line_1_16' title="bbox 140 2501 1193 2602; baseline -0.006 -14"><span class='ocrx_word' id='word_1_98' title='bbox 140 2534 169 2588; x_wconf 79' lang='lat' dir='ltr'><strong>u</strong></span> <span class='ocrx_word' id='word_1_99' title='bbox 195 2507 426 2601; x_wconf 79' lang='lat' dir='ltr'><strong>existimant,</strong></span> <span class='ocrx_word' id='word_1_100' title='bbox 452 2507 509 2580; x_wconf 82' lang='lat' dir='ltr'><strong>alii</strong></span> <span class='ocrx_word' id='word_1_101' title='bbox 536 2504 710 2581; x_wconf 81' lang='lat' dir='ltr'><strong>Colendas</strong></span> <span class='ocrx_word' id='word_1_102' title='bbox 736 2501 972 2584; x_wconf 83' lang='lat' dir='ltr'><strong>Novembres</strong></span> <span class='ocrx_word' id='word_1_103' title='bbox 999 2511 1080 2602; x_wconf 82' lang='lat'><strong>367.</strong></span> <span class='ocrx_word' id='word_1_104' title='bbox 1132 2509 1193 2584; x_wconf 90' lang='lat' dir='ltr'><strong>Li·</strong></span> 
     </span>
     <span class='ocr_line' id='line_1_17' title="bbox 140 2626 1193 2723; baseline -0.003 -14"><span class='ocrx_word' id='word_1_105' title='bbox 140 2655 189 2709; x_wconf 77' lang='lat' dir='ltr'><strong>rm</strong></span> <span class='ocrx_word' id='word_1_106' title='bbox 226 2629 396 2704; x_wconf 78' lang='lat' dir='ltr'><strong>dirimant</strong></span> <span class='ocrx_word' id='word_1_107' title='bbox 420 2628 571 2719; x_wconf 88' lang='lat' dir='ltr'><strong>critici,</strong></span> <span class='ocrx_word' id='word_1_108' title='bbox 622 2627 752 2719; x_wconf 81' lang='lat' dir='ltr'><strong>quibus</strong></span> <span class='ocrx_word' id='word_1_109' title='bbox 778 2626 820 2701; x_wconf 78' lang='lat' dir='ltr'><strong>od</strong></span> <span class='ocrx_word' id='word_1_110' title='bbox 846 2630 919 2702; x_wconf 81' lang='lat' dir='ltr'><strong>trie</strong></span> <span class='ocrx_word' id='word_1_111' title='bbox 942 2632 1130 2723; x_wconf 86' lang='lat' dir='ltr'><strong>negotium</strong></span> <span class='ocrx_word' id='word_1_112' title='bbox 1156 2633 1193 2706; x_wconf 75' lang='lat' dir='ltr'><strong>lc</strong></span> 
     </span>
     <span class='ocr_line' id='line_1_18' title="bbox 140 2743 1191 2846; baseline 0.001 -19"><span class='ocrx_word' id='word_1_113' title='bbox 140 2755 239 2828; x_wconf 88' lang='lat' dir='ltr'><strong>rium</strong></span> <span class='ocrx_word' id='word_1_114' title='bbox 275 2747 311 2822; x_wconf 75' lang='grc' dir='ltr'>ἀ</span> <span class='ocrx_word' id='word_1_115' title='bbox 345 2750 516 2846; x_wconf 77' lang='lat' dir='ltr'><strong>voluptas</strong></span> <span class='ocrx_word' id='word_1_116' title='bbox 552 2743 631 2841; x_wconf 85' lang='lat' dir='ltr'><strong>est,</strong></span> <span class='ocrx_word' id='word_1_117' title='bbox 681 2748 772 2822; x_wconf 89' lang='lat' dir='ltr'><strong>licut</strong></span> <span class='ocrx_word' id='word_1_118' title='bbox 805 2747 987 2837; x_wconf 66' lang='lat' dir='ltr'><strong>inillam,</strong></span> <span class='ocrx_word' id='word_1_119' title='bbox 1040 2769 1119 2841; x_wconf 75' lang='lat' dir='ltr'><strong>qum</strong></span> <span class='ocrx_word' id='word_1_120' title='bbox 1144 2752 1191 2828; x_wconf 76' lang='lat' dir='ltr'><strong>dr</strong></span> 
     </span>
     <span class='ocr_line' id='line_1_19' title="bbox 140 2864 1189 2967; baseline -0.004 -17"><span class='ocrx_word' id='word_1_121' title='bbox 140 2897 207 2950; x_wconf 79' lang='lat' dir='ltr'><strong>nco</strong></span> <span class='ocrx_word' id='word_1_122' title='bbox 236 2870 429 2967; x_wconf 69' lang='lat' dir='ltr'><strong>sepulture</strong></span> <span class='ocrx_word' id='word_1_123' title='bbox 454 2868 532 2960; x_wconf 77' lang='lat' dir='ltr'><strong>eius</strong></span> <span class='ocrx_word' id='word_1_124' title='bbox 554 2868 701 2940; x_wconf 87' lang='lat' dir='ltr'><strong>moveri</strong></span> <span class='ocrx_word' id='word_1_125' title='bbox 726 2864 856 2961; x_wconf 76' lang='lat' dir='ltr'><strong>pollet.</strong></span> <span class='ocrx_word' id='word_1_126' title='bbox 899 2865 1127 2945; x_wconf 81' lang='lat' dir='ltr'><strong>Monrstcrio</strong></span> <span class='ocrx_word' id='word_1_127' title='bbox 1151 2870 1189 2952; x_wconf 81' lang='lat' dir='ltr'><strong>S.</strong></span> 
     </span>
     <span class='ocr_line' id='line_1_20' title="bbox 140 2988 1192 3090; baseline 0.001 -19"><span class='ocrx_word' id='word_1_128' title='bbox 140 2993 293 3090; x_wconf 84' lang='lat' dir='ltr'><strong>iionyfii</strong></span> <span class='ocrx_word' id='word_1_129' title='bbox 316 2993 353 3064; x_wconf 92' lang='lat' dir='ltr'><strong>in</strong></span> <span class='ocrx_word' id='word_1_130' title='bbox 376 2988 528 3064; x_wconf 81' lang='lat' dir='ltr'><strong>Francia</strong></span> <span class='ocrx_word' id='word_1_131' title='bbox 552 2988 660 3062; x_wconf 82' lang='lat' dir='ltr'><strong>talem</strong></span> <span class='ocrx_word' id='word_1_132' title='bbox 685 2988 865 3064; x_wconf 89' lang='lat' dir='ltr'><strong>honorem</strong></span> <span class='ocrx_word' id='word_1_133' title='bbox 890 2989 1086 3084; x_wconf 85' lang='lat' dir='ltr'><strong>probabilis</strong></span> <span class='ocrx_word' id='word_1_134' title='bbox 1111 2993 1192 3072; x_wconf 66' lang='lat' dir='ltr'><strong>vine</strong></span> 
     </span>
     <span class='ocr_line' id='line_1_21' title="bbox 140 3107 1190 3208; baseline -0.004 -16"><span class='ocrx_word' id='word_1_135' title='bbox 140 3119 217 3192; x_wconf 81' lang='lat' dir='ltr'><strong>icat</strong></span> <span class='ocrx_word' id='word_1_136' title='bbox 242 3113 417 3205; x_wconf 82' lang='lat' dir='ltr'><strong>traditio,</strong></span> <span class='ocrx_word' id='word_1_137' title='bbox 444 3128 519 3204; x_wconf 89' lang='lat' dir='ltr'><strong>quo</strong></span> <span class='ocrx_word' id='word_1_138' title='bbox 544 3125 678 3203; x_wconf 83' lang='lat' dir='ltr'><strong>corpur</strong></span> <span class='ocrx_word' id='word_1_139' title='bbox 705 3108 782 3201; x_wconf 86' lang='lat' dir='ltr'><strong>ejus</strong></span> <span class='ocrx_word' id='word_1_140' title='bbox 808 3130 829 3183; x_wconf 83' lang='grc' dir='ltr'>ι</span> <span class='ocrx_word' id='word_1_141' title='bbox 853 3107 1190 3208; x_wconf 75' lang='lat' dir='ltr'><strong>RegeDagobetto</strong></span> 
     </span>
     <span class='ocr_line' id='line_1_22' title="bbox 140 3225 1190 3328; baseline 0 -18"><span class='ocrx_word' id='word_1_142' title='bbox 140 3237 337 3314; x_wconf 73' lang='lat' dir='ltr'><strong>nunciatum</strong></span> <span class='ocrx_word' id='word_1_143' title='bbox 362 3231 504 3305; x_wconf 88' lang='lat' dir='ltr'><strong>dicitur.</strong></span> <span class='ocrx_word' id='word_1_144' title='bbox 555 3225 640 3302; x_wconf 88' lang='lat' dir='ltr'><strong>Nec</strong></span> <span class='ocrx_word' id='word_1_145' title='bbox 665 3245 776 3303; x_wconf 81' lang='lat' dir='ltr'><strong>vacat</strong></span> <span class='ocrx_word' id='word_1_146' title='bbox 798 3226 986 3305; x_wconf 88' lang='lat' dir='ltr'><strong>recensere</strong></span> <span class='ocrx_word' id='word_1_147' title='bbox 1004 3234 1190 3328; x_wconf 60' lang='lat' dir='ltr'><strong>mirarum</strong></span> 
     </span>
     <span class='ocr_line' id='line_1_23' title="bbox 140 3347 1192 3451; baseline -0.014 -20"><span class='ocrx_word' id='word_1_148' title='bbox 140 3379 200 3451; x_wconf 70' lang='lat' dir='ltr'><strong>ma</strong></span> <span class='ocrx_word' id='word_1_149' title='bbox 226 3355 315 3431; x_wconf 92' lang='lat' dir='ltr'><strong>huic</strong></span> <span class='ocrx_word' id='word_1_150' title='bbox 343 3354 426 3426; x_wconf 88' lang='lat' dir='ltr'><strong>viro</strong></span> <span class='ocrx_word' id='word_1_151' title='bbox 448 3347 572 3425; x_wconf 76' lang='lat' dir='ltr'><strong>ranno</strong></span> <span class='ocrx_word' id='word_1_152' title='bbox 599 3364 672 3424; x_wconf 81' lang='lat' dir='ltr'><strong>tum</strong></span> <span class='ocrx_word' id='word_1_153' title='bbox 693 3349 784 3425; x_wconf 89' lang='lat' dir='ltr'><strong>vivo</strong></span> <span class='ocrx_word' id='word_1_154' title='bbox 805 3349 945 3434; x_wconf 77' lang='lat' dir='ltr'><strong>adhuc,</strong></span> <span class='ocrx_word' id='word_1_155' title='bbox 971 3370 1076 3443; x_wconf 84' lang='lat' dir='ltr'><strong>quam</strong></span> <span class='ocrx_word' id='word_1_156' title='bbox 1095 3375 1192 3432; x_wconf 60' lang='lat' dir='ltr'><strong>mort</strong></span> 
     </span>
     <span class='ocr_line' id='line_1_24' title="bbox 140 3461 1192 3574; baseline -0.003 -22"><span class='ocrx_word' id='word_1_157' title='bbox 140 3499 219 3574; x_wconf 85' lang='lat' dir='ltr'><strong>no,</strong></span> <span class='ocrx_word' id='word_1_158' title='bbox 283 3476 392 3549; x_wconf 85' lang='lat' dir='ltr'><strong>etiam</strong></span> <span class='ocrx_word' id='word_1_159' title='bbox 424 3472 560 3566; x_wconf 82' lang='lat' dir='ltr'><strong>antiqui</strong></span> <span class='ocrx_word' id='word_1_160' title='bbox 595 3461 790 3565; x_wconf 77' lang='lat' dir='ltr'><strong>tribuunt,</strong></span> <span class='ocrx_word' id='word_1_161' title='bbox 845 3467 1068 3547; x_wconf 74' lang='lat' dir='ltr'><strong>Fortunatus¹</strong></span> <span class='ocrx_word' id='word_1_162' title='bbox 1103 3494 1192 3570; x_wconf 54' lang='lat' dir='ltr'><strong>prm,</strong></span> 
     </span>
     <span class='ocr_line' id='line_1_25' title="bbox 140 3590 1192 3695; baseline -0.004 -20"><span class='ocrx_word' id='word_1_163' title='bbox 140 3597 240 3675; x_wconf 81' lang='lat' dir='ltr'><strong>&#39;mrim</strong></span> <span class='ocrx_word' id='word_1_164' title='bbox 267 3597 358 3695; x_wconf 69' lang='lat' dir='ltr'><strong>vito</strong></span> <span class='ocrx_word' id='word_1_165' title='bbox 381 3595 457 3688; x_wconf 75' lang='lat' dir='ltr'><strong>eius</strong></span> <span class='ocrx_word' id='word_1_166' title='bbox 482 3590 657 3688; x_wconf 83' lang='lat' dir='ltr'><strong>scriptor,</strong></span> <span class='ocrx_word' id='word_1_167' title='bbox 702 3591 763 3684; x_wconf 87' lang='lat' dir='ltr'><strong>qui</strong></span> <span class='ocrx_word' id='word_1_168' title='bbox 788 3595 910 3687; x_wconf 79' lang='lat' dir='ltr'><strong>operis</strong></span> <span class='ocrx_word' id='word_1_169' title='bbox 935 3592 1041 3688; x_wconf 85' lang='lat' dir='ltr'><strong>hujus</strong></span> <span class='ocrx_word' id='word_1_170' title='bbox 1067 3592 1117 3670; x_wconf 90' lang='lat' dir='ltr'><strong>sui</strong></span> <span class='ocrx_word' id='word_1_171' title='bbox 1143 3598 1192 3671; x_wconf 80' lang='lat' dir='ltr'><strong>nl·</strong></span> 
     </span>
     <span class='ocr_line' id='line_1_26' title="bbox 140 3708 1193 3815; baseline -0.003 -19"><span class='ocrx_word' id='word_1_172' title='bbox 140 3742 234 3796; x_wconf 80' lang='lat' dir='ltr'><strong>uram</strong></span> <span class='ocrx_word' id='word_1_173' title='bbox 262 3730 405 3815; x_wconf 86' lang='lat' dir='ltr'><strong>partem</strong></span> <span class='ocrx_word' id='word_1_174' title='bbox 430 3715 504 3790; x_wconf 93' lang='lat' dir='ltr'><strong>hoc</strong></span> <span class='ocrx_word' id='word_1_175' title='bbox 528 3713 639 3786; x_wconf 90' lang='lat' dir='ltr'><strong>titulo</strong></span> <span class='ocrx_word' id='word_1_176' title='bbox 663 3708 862 3810; x_wconf 80' lang='lat' dir='ltr'><strong>inscripsit:</strong></span> <span class='ocrx_word' id='word_1_177' title='bbox 911 3712 1016 3806; x_wconf 88' lang='lat' dir='ltr'><strong>„De</strong></span> <span class='ocrx_word' id='word_1_178' title='bbox 1041 3716 1193 3793; x_wconf 79' lang='lat' dir='ltr'><strong>miracu·</strong></span> 
     </span>
     <span class='ocr_line' id='line_1_27' title="bbox 140 3830 1191 3928; baseline -0.001 -14"><span class='ocrx_word' id='word_1_179' title='bbox 140 3841 162 3917; x_wconf 84' lang='lat' dir='ltr'><strong>ir</strong></span> <span class='ocrx_word' id='word_1_180' title='bbox 196 3840 251 3919; x_wconf 82' lang='grc'><strong>8.·</strong></span> <span class='ocrx_word' id='word_1_181' title='bbox 270 3836 411 3913; x_wconf 77' lang='lat' dir='ltr'><strong>Hilarii.</strong></span> <span class='ocrx_word' id='word_1_182' title='bbox 430 3836 459 3878; x_wconf 88' lang='lat'>“</span> <span class='ocrx_word' id='word_1_183' title='bbox 533 3830 584 3906; x_wconf 84' lang='lat' dir='ltr'><strong>Et</strong></span> <span class='ocrx_word' id='word_1_184' title='bbox 616 3830 745 3909; x_wconf 77' lang='lat' dir='ltr'><strong>Petrus</strong></span> <span class='ocrx_word' id='word_1_185' title='bbox 778 3833 982 3928; x_wconf 77' lang='lat' dir='ltr'><strong>Damiani,</strong></span> <span class='ocrx_word' id='word_1_186' title='bbox 1044 3837 1120 3928; x_wconf 89' lang='lat' dir='ltr'><strong>qui·</strong></span> <span class='ocrx_word' id='word_1_187' title='bbox 1144 3838 1191 3914; x_wconf 79' lang='lat' dir='ltr'><strong>dr</strong></span> 
     </span>
     <span class='ocr_line' id='line_1_28' title="bbox 140 3948 984 4052; baseline -0.017 -8"><span class='ocrx_word' id='word_1_188' title='bbox 140 3962 362 4044; x_wconf 66' lang='lat' dir='ltr'><strong>ructatione</strong></span> <span class='ocrx_word' id='word_1_189' title='bbox 387 3957 491 4052; x_wconf 73' lang='lat' dir='ltr'><strong>hujus</strong></span> <span class='ocrx_word' id='word_1_190' title='bbox 517 3949 634 4031; x_wconf 67' lang='lat' dir='ltr'><strong>sinui</strong></span> <span class='ocrx_word' id='word_1_191' title='bbox 656 3948 859 4046; x_wconf 69' lang='lat' dir='ltr'><strong>{ermonem</strong></span> <span class='ocrx_word' id='word_1_192' title='bbox 883 3953 984 4031; x_wconf 86' lang='lat' dir='ltr'><strong>dixit.</strong></span> 
     </span>
    </p>
   </div>
   <div class='ocr_carea' id='block_1_4' title="bbox 945 4231 1219 4358">
    <p class='ocr_par' dir='ltr' id='par_1_5' title="bbox 945 4231 1219 4358">
     <span class='ocr_line' id='line_1_29' title="bbox 945 4231 1219 4358; baseline 0.015 -4"><span class='ocrx_word' id='word_1_193' title='bbox 945 4271 981 4354; x_wconf 87' lang='lat' dir='ltr'><strong>s.</strong></span> <span class='ocrx_word' id='word_1_194' title='bbox 1008 4275 1144 4358; x_wconf 76' lang='lat' dir='ltr'><strong>nun·</strong></span> <span class='ocrx_word' id='word_1_195' title='bbox 1182 4231 1184 4236; x_wconf 69' lang='grc'><strong>’</strong></span> <span class='ocrx_word' id='word_1_196' title='bbox 1217 4283 1219 4288; x_wconf 94' lang='grc'><strong><em>·</em></strong></span> 
     </span>
    </p>
   </div>
   <div class='ocr_carea' id='block_1_5' title="bbox 0 0 1376 4959">
    <p class='ocr_par' dir='ltr' id='par_1_6' title="bbox 0 0 1376 4959">
     <span class='ocr_line' id='line_1_30' title="bbox 0 0 1376 4959; baseline 0 0"><span class='ocrx_word' id='word_1_197' title='bbox 0 0 1376 4959; x_wconf 95' lang='lat' dir='ltr'><strong> </strong></span> 
     </span>
    </p>
   </div>
  </div>
 </body>
</html>
