<?xml version="1.0" encoding="UTF-8"?>
<!DOCTYPE html PUBLIC "-//W3C//DTD XHTML 1.0 Transitional//EN"
    "http://www.w3.org/TR/xhtml1/DTD/xhtml1-transitional.dtd">
<html xmlns="http://www.w3.org/1999/xhtml" xml:lang="en" lang="en">
 <head>
  <title>
</title>
<meta http-equiv="Content-Type" content="text/html;charset=utf-8" />
  <meta name='ocr-system' content='tesseract 3.04.00' />
  <meta name='ocr-capabilities' content='ocr_page ocr_carea ocr_par ocr_line ocrx_word'/>
</head>
<body>
  <div class='ocr_page' id='page_1' title='image "./operaomniasanct00librgoog/operaomniasanct00librgoog_0103.png"; bbox 0 0 2742 4959; ppageno 0'>
   <div class='ocr_carea' id='block_1_1' title="bbox 150 184 1245 604">
    <p class='ocr_par' dir='ltr' id='par_1_1' title="bbox 150 184 1245 604">
     <span class='ocr_line' id='line_1_1' title="bbox 909 191 911 200; baseline 0 0"><span class='ocrx_word' id='word_1_1' title='bbox 909 191 911 200; x_wconf 78' lang='grc' dir='ltr'>ι</span> 
     </span>
     <span class='ocr_line' id='line_1_2' title="bbox 150 184 1245 448; baseline -0.005 -8"><span class='ocrx_word' id='word_1_2' title='bbox 150 184 1245 448; x_wconf 63' lang='lat' dir='ltr'>u</span> 
     </span>
     <span class='ocr_line' id='line_1_3' title="bbox 909 255 912 274; baseline 0 0"><span class='ocrx_word' id='word_1_3' title='bbox 909 255 912 274; x_wconf 87' lang='grc' dir='ltr'>Ι</span> 
     </span>
     <span class='ocr_line' id='line_1_4' title="bbox 1011 461 1016 468; baseline 0 0"><span class='ocrx_word' id='word_1_4' title='bbox 1011 461 1016 468; x_wconf 91' lang='grc'><em>.</em></span> 
     </span>
     <span class='ocr_line' id='line_1_5' title="bbox 381 519 985 550; baseline -0.003 2"><span class='ocrx_word' id='word_1_5' title='bbox 381 519 385 524; x_wconf 49' lang='lat'><strong>¹</strong></span> <span class='ocrx_word' id='word_1_6' title='bbox 973 535 985 550; x_wconf 64' lang='grc' dir='ltr'><strong>ι</strong></span> 
     </span>
     <span class='ocr_line' id='line_1_6' title="bbox 245 590 254 604; baseline 0 0"><span class='ocrx_word' id='word_1_7' title='bbox 245 590 254 604; x_wconf 65' lang='grc' dir='ltr'><em>ι</em></span> 
     </span>
    </p>
   </div>
   <div class='ocr_carea' id='block_1_2' title="bbox 477 656 1181 740">
    <p class='ocr_par' dir='ltr' id='par_1_2' title="bbox 477 656 1181 740">
     <span class='ocr_line' id='line_1_7' title="bbox 477 656 1181 740; baseline 0.009 -6"><span class='ocrx_word' id='word_1_8' title='bbox 477 656 803 737; x_wconf 82' lang='lat' dir='ltr'>Scaaeaa.</span> <span class='ocrx_word' id='word_1_9' title='bbox 1081 677 1181 740; x_wconf 79' lang='lat' dir='ltr'>tm</span> 
     </span>
    </p>
   </div>
   <div class='ocr_carea' id='block_1_3' title="bbox 150 805 1238 2363">
    <p class='ocr_par' dir='ltr' id='par_1_3' title="bbox 150 805 1238 2363">
     <span class='ocr_line' id='line_1_8' title="bbox 202 805 1178 919; baseline 0.007 -22"><span class='ocrx_word' id='word_1_10' title='bbox 202 805 351 905; x_wconf 83' lang='lat' dir='ltr'>Deinde</span> <span class='ocrx_word' id='word_1_11' title='bbox 375 813 655 897; x_wconf 74' lang='lat' dir='ltr'>obcumstantiaa</span> <span class='ocrx_word' id='word_1_12' title='bbox 675 818 767 916; x_wconf 86' lang='lat' dir='ltr'>ipsaa</span> <span class='ocrx_word' id='word_1_13' title='bbox 784 818 1048 915; x_wconf 57' lang='lat' dir='ltr'>emendante</span> <span class='ocrx_word' id='word_1_14' title='bbox 1074 823 1178 919; x_wconf 81' lang='lat' dir='ltr'>queit</span> 
     </span>
     <span class='ocr_line' id='line_1_9' title="bbox 150 938 1180 1022; baseline 0 -1"><span class='ocrx_word' id='word_1_15' title='bbox 150 941 397 1021; x_wconf 71' lang='lat' dir='ltr'>&gt;numianus</span> <span class='ocrx_word' id='word_1_16' title='bbox 411 938 1072 1021; x_wconf 77' lang='lat' dir='ltr'>diversaniniitdisserendirationem:</span> <span class='ocrx_word' id='word_1_17' title='bbox 1095 942 1180 1022; x_wconf 88' lang='lat' dir='ltr'>scri·</span> 
     </span>
     <span class='ocr_line' id='line_1_10' title="bbox 150 1058 1179 1161; baseline 0.002 -21"><span class='ocrx_word' id='word_1_18' title='bbox 150 1082 188 1140; x_wconf 76' lang='lat' dir='ltr'>aa</span> <span class='ocrx_word' id='word_1_19' title='bbox 212 1061 266 1139; x_wconf 87' lang='lat' dir='ltr'>est</span> <span class='ocrx_word' id='word_1_20' title='bbox 287 1062 347 1137; x_wconf 86' lang='lat' dir='ltr'>hic</span> <span class='ocrx_word' id='word_1_21' title='bbox 367 1065 459 1138; x_wconf 88' lang='lat' dir='ltr'>liber</span> <span class='ocrx_word' id='word_1_22' title='bbox 479 1060 563 1156; x_wconf 88' lang='lat' dir='ltr'>post</span> <span class='ocrx_word' id='word_1_23' title='bbox 577 1058 805 1138; x_wconf 86' lang='lat' dir='ltr'>Seleuciense</span> <span class='ocrx_word' id='word_1_24' title='bbox 825 1065 1019 1138; x_wconf 86' lang='lat' dir='ltr'>concilium</span> <span class='ocrx_word' id='word_1_25' title='bbox 1036 1083 1084 1138; x_wconf 91' lang='lat' dir='ltr'>eo</span> <span class='ocrx_word' id='word_1_26' title='bbox 1099 1065 1179 1161; x_wconf 89' lang='lat' dir='ltr'>ipso</span> 
     </span>
     <span class='ocr_line' id='line_1_11' title="bbox 150 1178 1180 1281; baseline -0.001 -19"><span class='ocrx_word' id='word_1_27' title='bbox 150 1204 298 1281; x_wconf 88' lang='lat' dir='ltr'>opore,</span> <span class='ocrx_word' id='word_1_28' title='bbox 326 1202 402 1276; x_wconf 92' lang='lat' dir='ltr'>quo</span> <span class='ocrx_word' id='word_1_29' title='bbox 415 1181 625 1259; x_wconf 81' lang='lat' dir='ltr'><strong>sozomeno</strong></span> <span class='ocrx_word' id='word_1_30' title='bbox 649 1178 742 1257; x_wconf 82' lang='lat' dir='ltr'>teste</span> <span class='ocrx_word' id='word_1_31' title='bbox 755 1182 815 1258; x_wconf 90' lang='lat' dir='ltr'>lib.</span> <span class='ocrx_word' id='word_1_32' title='bbox 831 1182 899 1260; x_wconf 74' lang='lat' dir='ltr'>lv,</span> <span class='ocrx_word' id='word_1_33' title='bbox 919 1202 1086 1278; x_wconf 79' lang='lat' dir='ltr'>„ornnes</span> <span class='ocrx_word' id='word_1_34' title='bbox 1099 1186 1180 1261; x_wconf 88' lang='lat' dir='ltr'>ubi·</span> 
     </span>
     <span class='ocr_line' id='line_1_12' title="bbox 150 1299 1178 1401; baseline 0.002 -20"><span class='ocrx_word' id='word_1_35' title='bbox 150 1301 370 1382; x_wconf 82' lang='lat' dir='ltr'>eEcclefiaa</span> <span class='ocrx_word' id='word_1_36' title='bbox 379 1303 539 1396; x_wconf 79' lang='lat' dir='ltr'>quedam</span> <span class='ocrx_word' id='word_1_37' title='bbox 551 1300 645 1397; x_wconf 83' lang='lat' dir='ltr'>quasi</span> <span class='ocrx_word' id='word_1_38' title='bbox 655 1299 861 1397; x_wconf 88' lang='lat' dir='ltr'>persecutio</span> <span class='ocrx_word' id='word_1_39' title='bbox 875 1305 1088 1401; x_wconf 83' lang='lat' dir='ltr'>occupavit,</span> <span class='ocrx_word' id='word_1_40' title='bbox 1115 1324 1178 1383; x_wconf 89' lang='lat' dir='ltr'>cu·</span> 
     </span>
     <span class='ocr_line' id='line_1_13' title="bbox 150 1422 1178 1524; baseline 0.008 -28"><span class='ocrx_word' id='word_1_41' title='bbox 150 1424 262 1505; x_wconf 72' lang='lat' dir='ltr'>:modi</span> <span class='ocrx_word' id='word_1_42' title='bbox 277 1425 364 1502; x_wconf 88' lang='lat' dir='ltr'>olim</span> <span class='ocrx_word' id='word_1_43' title='bbox 385 1422 447 1499; x_wconf 89' lang='lat' dir='ltr'>sub</span> <span class='ocrx_word' id='word_1_44' title='bbox 462 1424 617 1500; x_wconf 84' lang='lat' dir='ltr'>ethnicir</span> <span class='ocrx_word' id='word_1_45' title='bbox 632 1423 912 1518; x_wconf 78' lang='lat' dir='ltr'>imperatoribus</span> <span class='ocrx_word' id='word_1_46' title='bbox 934 1423 1081 1524; x_wconf 74' lang='lat' dir='ltr'>grassata</span> <span class='ocrx_word' id='word_1_47' title='bbox 1099 1426 1178 1505; x_wconf 85' lang='lat' dir='ltr'>fue·</span> 
     </span>
     <span class='ocr_line' id='line_1_14' title="bbox 150 1543 1238 1643; baseline 0.006 -22"><span class='ocrx_word' id='word_1_48' title='bbox 150 1550 206 1627; x_wconf 66' lang='lat'>„⁸⁸</span> <span class='ocrx_word' id='word_1_49' title='bbox 258 1544 522 1620; x_wconf 82' lang='lat' dir='ltr'>Persecutionia</span> <span class='ocrx_word' id='word_1_50' title='bbox 540 1557 660 1618; x_wconf 87' lang='lat' dir='ltr'>autem</span> <span class='ocrx_word' id='word_1_51' title='bbox 678 1564 790 1643; x_wconf 79' lang='lat' dir='ltr'>genua</span> <span class='ocrx_word' id='word_1_52' title='bbox 806 1547 878 1620; x_wconf 87' lang='lat' dir='ltr'>tale</span> <span class='ocrx_word' id='word_1_53' title='bbox 888 1544 974 1621; x_wconf 85' lang='lat' dir='ltr'>suit:</span> <span class='ocrx_word' id='word_1_54' title='bbox 1001 1543 1177 1627; x_wconf 79' lang='lat' dir='ltr'>Constan-</span> <span class='ocrx_word' id='word_1_55' title='bbox 1235 1619 1238 1626; x_wconf 92' lang='lat'>.</span> 
     </span>
     <span class='ocr_line' id='line_1_15' title="bbox 150 1664 1177 1767; baseline 0.004 -23"><span class='ocrx_word' id='word_1_56' title='bbox 150 1668 389 1766; x_wconf 79' lang='lat' dir='ltr'>apraecipuus</span> <span class='ocrx_word' id='word_1_57' title='bbox 406 1666 483 1759; x_wconf 84' lang='lat' dir='ltr'>ejus</span> <span class='ocrx_word' id='word_1_58' title='bbox 499 1665 633 1740; x_wconf 83' lang='lat' dir='ltr'><strong>author</strong></span> <span class='ocrx_word' id='word_1_59' title='bbox 645 1664 740 1740; x_wconf 89' lang='lat' dir='ltr'>dolia</span> <span class='ocrx_word' id='word_1_60' title='bbox 758 1666 891 1764; x_wconf 77' lang='lat' dir='ltr'>magia,</span> <span class='ocrx_word' id='word_1_61' title='bbox 923 1687 1028 1761; x_wconf 83' lang='lat' dir='ltr'>quana</span> <span class='ocrx_word' id='word_1_62' title='bbox 1050 1682 1177 1767; x_wconf 91' lang='lat' dir='ltr'>aperta</span> 
     </span>
     <span class='ocr_line' id='line_1_16' title="bbox 156 1782 1178 1883; baseline 0.001 -18"><span class='ocrx_word' id='word_1_63' title='bbox 156 1802 306 1865; x_wconf 84' lang='lat' dir='ltr'>tentant</span> <span class='ocrx_word' id='word_1_64' title='bbox 327 1782 434 1861; x_wconf 86' lang='lat' dir='ltr'>fidem</span> <span class='ocrx_word' id='word_1_65' title='bbox 450 1785 677 1883; x_wconf 83' lang='lat' dir='ltr'>extinguere,</span> <span class='ocrx_word' id='word_1_66' title='bbox 704 1786 838 1863; x_wconf 81' lang='lat' dir='ltr'>animat</span> <span class='ocrx_word' id='word_1_67' title='bbox 852 1799 958 1861; x_wconf 87' lang='lat' dir='ltr'>tanto</span> <span class='ocrx_word' id='word_1_68' title='bbox 973 1790 1095 1883; x_wconf 84' lang='lat' dir='ltr'>psurea</span> <span class='ocrx_word' id='word_1_69' title='bbox 1113 1811 1178 1867; x_wconf 89' lang='lat' dir='ltr'>oc·</span> 
     </span>
     <span class='ocr_line' id='line_1_17' title="bbox 150 1907 1176 2010; baseline 0 -24"><span class='ocrx_word' id='word_1_70' title='bbox 150 1912 269 1992; x_wconf 75' lang='lat' dir='ltr'>iehan,</span> <span class='ocrx_word' id='word_1_71' title='bbox 296 1920 433 2000; x_wconf 87' lang='lat' dir='ltr'>quanto</span> <span class='ocrx_word' id='word_1_72' title='bbox 451 1907 563 2004; x_wconf 82' lang='lat' dir='ltr'>magia</span> <span class='ocrx_word' id='word_1_73' title='bbox 578 1910 746 2002; x_wconf 86' lang='lat' dir='ltr'>placebat</span> <span class='ocrx_word' id='word_1_74' title='bbox 759 1909 990 2002; x_wconf 80' lang='lat' dir='ltr'>corporibus.</span> <span class='ocrx_word' id='word_1_75' title='bbox 1040 1909 1176 2010; x_wconf 89' lang='lat' dir='ltr'>Quam·</span> 
     </span>
     <span class='ocr_line' id='line_1_18' title="bbox 150 2027 1177 2126; baseline 0 -20"><span class='ocrx_word' id='word_1_76' title='bbox 150 2054 158 2106; x_wconf 83' lang='lat' dir='ltr'>r</span> <span class='ocrx_word' id='word_1_77' title='bbox 182 2032 281 2107; x_wconf 86' lang='lat' dir='ltr'>enim</span> <span class='ocrx_word' id='word_1_78' title='bbox 297 2028 426 2121; x_wconf 86' lang='lat' dir='ltr'>lupus,</span> <span class='ocrx_word' id='word_1_79' title='bbox 457 2028 541 2099; x_wconf 86' lang='lat' dir='ltr'>ovis</span> <span class='ocrx_word' id='word_1_80' title='bbox 560 2038 680 2102; x_wconf 87' lang='lat' dir='ltr'>tamen</span> <span class='ocrx_word' id='word_1_81' title='bbox 699 2028 843 2123; x_wconf 87' lang='lat' dir='ltr'>audire,</span> <span class='ocrx_word' id='word_1_82' title='bbox 868 2049 910 2102; x_wconf 91' lang='lat' dir='ltr'>ac</span> <span class='ocrx_word' id='word_1_83' title='bbox 927 2027 1044 2102; x_wconf 91' lang='lat' dir='ltr'>videri</span> <span class='ocrx_word' id='word_1_84' title='bbox 1067 2050 1177 2126; x_wconf 82' lang='lat' dir='ltr'>appe·</span> 
     </span>
     <span class='ocr_line' id='line_1_19' title="bbox 150 2143 1174 2243; baseline -0.001 -15"><span class='ocrx_word' id='word_1_85' title='bbox 150 2167 218 2234; x_wconf 75' lang='lat' dir='ltr'>tat.</span> <span class='ocrx_word' id='word_1_86' title='bbox 270 2147 354 2224; x_wconf 90' lang='lat' dir='ltr'>Nec</span> <span class='ocrx_word' id='word_1_87' title='bbox 376 2149 514 2240; x_wconf 89' lang='lat' dir='ltr'>deerat,</span> <span class='ocrx_word' id='word_1_88' title='bbox 540 2146 638 2221; x_wconf 89' lang='lat' dir='ltr'>unde</span> <span class='ocrx_word' id='word_1_89' title='bbox 657 2148 855 2243; x_wconf 83' lang='lat' dir='ltr'>deciperet,</span> <span class='ocrx_word' id='word_1_90' title='bbox 880 2147 941 2240; x_wconf 91' lang='lat' dir='ltr'>qui</span> <span class='ocrx_word' id='word_1_91' title='bbox 958 2143 1174 2227; x_wconf 78' lang='lat' dir='ltr'>verbirute&#39;·</span> 
     </span>
     <span class='ocr_line' id='line_1_20' title="bbox 150 2263 1178 2363; baseline 0 -14"><span class='ocrx_word' id='word_1_92' title='bbox 150 2291 212 2349; x_wconf 88' lang='lat' dir='ltr'>tur</span> <span class='ocrx_word' id='word_1_93' title='bbox 237 2270 401 2344; x_wconf 88' lang='lat' dir='ltr'>veritatis</span> <span class='ocrx_word' id='word_1_94' title='bbox 423 2263 576 2361; x_wconf 86' lang='lat' dir='ltr'>speciem</span> <span class='ocrx_word' id='word_1_95' title='bbox 597 2270 873 2359; x_wconf 85' lang='lat' dir='ltr'>mentientibut3</span> <span class='ocrx_word' id='word_1_96' title='bbox 898 2269 1078 2363; x_wconf 79' lang='lat' dir='ltr'>pacem&amp;</span> <span class='ocrx_word' id='word_1_97' title='bbox 1099 2273 1178 2349; x_wconf 90' lang='lat' dir='ltr'>uni·</span> 
     </span>
    </p>
   </div>
   <div class='ocr_carea' id='block_1_4' title="bbox 150 2387 1250 2488">
    <p class='ocr_par' dir='ltr' id='par_1_4' title="bbox 150 2387 1250 2488">
     <span class='ocr_line' id='line_1_21' title="bbox 150 2387 1250 2488; baseline -0.026 7"><span class='ocrx_word' id='word_1_98' title='bbox 150 2416 217 2472; x_wconf 51' lang='grc' dir='ltr'>ἘΜ</span> <span class='ocrx_word' id='word_1_99' title='bbox 233 2389 477 2483; x_wconf 77' lang='lat' dir='ltr'>obtendebat,</span> <span class='ocrx_word' id='word_1_100' title='bbox 510 2387 654 2464; x_wconf 77' lang='lat' dir='ltr'>&amp;iuter</span> <span class='ocrx_word' id='word_1_101' title='bbox 670 2390 782 2467; x_wconf 81' lang='lat' dir='ltr'>minat</span> <span class='ocrx_word' id='word_1_102' title='bbox 798 2410 840 2464; x_wconf 89' lang='lat' dir='ltr'>ac</span> <span class='ocrx_word' id='word_1_103' title='bbox 857 2387 1027 2488; x_wconf 88' lang='lat' dir='ltr'>supplicia</span> <span class='ocrx_word' id='word_1_104' title='bbox 1037 2392 1176 2486; x_wconf 75' lang='lat' dir='ltr'>Jadita·</span> <span class='ocrx_word' id='word_1_105' title='bbox 1242 2403 1250 2422; x_wconf 79' lang='lat'><strong><em>‘</em></strong></span> 
     </span>
    </p>
   </div>
   <div class='ocr_carea' id='block_1_5' title="bbox 149 2509 1294 4548">
    <p class='ocr_par' dir='ltr' id='par_1_5' title="bbox 150 2509 1294 3694">
     <span class='ocr_line' id='line_1_22' title="bbox 150 2509 1177 2607; baseline 0.002 -16"><span class='ocrx_word' id='word_1_106' title='bbox 150 2533 163 2592; x_wconf 90' lang='lat' dir='ltr'>t</span> <span class='ocrx_word' id='word_1_107' title='bbox 188 2509 264 2589; x_wconf 89' lang='lat' dir='ltr'>sese</span> <span class='ocrx_word' id='word_1_108' title='bbox 285 2510 535 2585; x_wconf 83' lang='lat' dir='ltr'>conciliorum</span> <span class='ocrx_word' id='word_1_109' title='bbox 561 2511 693 2607; x_wconf 90' lang='lat' dir='ltr'>piacita</span> <span class='ocrx_word' id='word_1_110' title='bbox 719 2512 916 2588; x_wconf 88' lang='lat' dir='ltr'>vindicare.</span> <span class='ocrx_word' id='word_1_111' title='bbox 978 2511 1037 2587; x_wconf 86' lang='lat' dir='ltr'>Eo</span> <span class='ocrx_word' id='word_1_112' title='bbox 1053 2529 1177 2594; x_wconf 78' lang='lat' dir='ltr'>auten</span> 
     </span>
     <span class='ocr_line' id='line_1_23' title="bbox 150 2629 1176 2728; baseline -0.001 -17"><span class='ocrx_word' id='word_1_113' title='bbox 150 2631 342 2712; x_wconf 85' lang='lat' dir='ltr'>miciofior</span> <span class='ocrx_word' id='word_1_114' title='bbox 357 2643 434 2704; x_wconf 88' lang='lat' dir='ltr'>erat</span> <span class='ocrx_word' id='word_1_115' title='bbox 453 2632 514 2705; x_wconf 83' lang='lat' dir='ltr'>illa</span> <span class='ocrx_word' id='word_1_116' title='bbox 528 2629 749 2728; x_wconf 88' lang='lat' dir='ltr'>persecutio,</span> <span class='ocrx_word' id='word_1_117' title='bbox 775 2631 874 2723; x_wconf 91' lang='lat' dir='ltr'>quod</span> <span class='ocrx_word' id='word_1_118' title='bbox 893 2629 1081 2727; x_wconf 82' lang='lat' dir='ltr'>Episcopia</span> <span class='ocrx_word' id='word_1_119' title='bbox 1094 2634 1176 2728; x_wconf 76' lang='lat' dir='ltr'>ipsae</span> 
     </span>
     <span class='ocr_line' id='line_1_24' title="bbox 150 2750 1176 2845; baseline -0.005 -11"><span class='ocrx_word' id='word_1_120' title='bbox 150 2759 277 2835; x_wconf 78' lang='lat' dir='ltr'>ebatur</span> <span class='ocrx_word' id='word_1_121' title='bbox 297 2750 528 2826; x_wconf 84' lang='lat' dir='ltr'>Constantius</span> <span class='ocrx_word' id='word_1_122' title='bbox 550 2754 656 2826; x_wconf 91' lang='lat' dir='ltr'>velut</span> <span class='ocrx_word' id='word_1_123' title='bbox 673 2750 870 2845; x_wconf 84' lang='lat' dir='ltr'>Ministris,</span> <span class='ocrx_word' id='word_1_124' title='bbox 896 2770 970 2844; x_wconf 92' lang='lat' dir='ltr'>quo</span> <span class='ocrx_word' id='word_1_125' title='bbox 990 2771 1117 2827; x_wconf 83' lang='lat' dir='ltr'>omnes</span> <span class='ocrx_word' id='word_1_126' title='bbox 1130 2752 1176 2830; x_wconf 90' lang='lat' dir='ltr'>ad</span> 
     </span>
     <span class='ocr_line' id='line_1_25' title="bbox 150 2872 1176 2970; baseline 0.007 -26"><span class='ocrx_word' id='word_1_127' title='bbox 150 2875 268 2968; x_wconf 81' lang='lat' dir='ltr'>refin,</span> <span class='ocrx_word' id='word_1_128' title='bbox 295 2893 401 2965; x_wconf 89' lang='lat' dir='ltr'>quarn</span> <span class='ocrx_word' id='word_1_129' title='bbox 417 2875 701 2970; x_wconf 70' lang='lat' dir='ltr'>amplexabatur,</span> <span class='ocrx_word' id='word_1_130' title='bbox 727 2872 942 2945; x_wconf 86' lang='lat' dir='ltr'>attraheret:</span> <span class='ocrx_word' id='word_1_131' title='bbox 960 2882 1011 2945; x_wconf 85' lang='lat' dir='ltr'>&#39;ut</span> <span class='ocrx_word' id='word_1_132' title='bbox 1026 2873 1176 2951; x_wconf 79' lang='lat' dir='ltr'>veredo</span> 
     </span>
     <span class='ocr_line' id='line_1_26' title="bbox 150 2988 1176 3091; baseline 0 -18"><span class='ocrx_word' id='word_1_133' title='bbox 150 3000 232 3073; x_wconf 86' lang='lat' dir='ltr'>iem</span> <span class='ocrx_word' id='word_1_134' title='bbox 244 2993 497 3091; x_wconf 84' lang='lat' dir='ltr'>persecutione</span> <span class='ocrx_word' id='word_1_135' title='bbox 515 2990 716 3067; x_wconf 88' lang='lat' dir='ltr'>institutum</span> <span class='ocrx_word' id='word_1_136' title='bbox 736 2988 936 3068; x_wconf 85' lang='lat' dir='ltr'>sermonem</span> <span class='ocrx_word' id='word_1_137' title='bbox 954 2989 1176 3088; x_wconf 76' lang='lat' dir='ltr'>prosequens</span> 
     </span>
     <span class='ocr_line' id='line_1_27' title="bbox 151 3112 1294 3209; baseline -0.002 -15"><span class='ocrx_word' id='word_1_138' title='bbox 151 3134 333 3194; x_wconf 82' lang='lat' dir='ltr'>zomenus</span> <span class='ocrx_word' id='word_1_139' title='bbox 353 3114 500 3187; x_wconf 83' lang='lat' dir='ltr'>dixerit:</span> <span class='ocrx_word' id='word_1_140' title='bbox 527 3112 746 3209; x_wconf 81' lang='lat' dir='ltr'>‚,Ets1haec‚</span> <span class='ocrx_word' id='word_1_141' title='bbox 772 3117 871 3207; x_wconf 93' lang='lat' dir='ltr'>quod</span> <span class='ocrx_word' id='word_1_142' title='bbox 888 3114 1030 3206; x_wconf 87' lang='lat' dir='ltr'>quidem</span> <span class='ocrx_word' id='word_1_143' title='bbox 1040 3117 1084 3190; x_wconf 93' lang='lat' dir='ltr'>ad</span> <span class='ocrx_word' id='word_1_144' title='bbox 1097 3138 1177 3194; x_wconf 89' lang='lat' dir='ltr'>cru·</span> <span class='ocrx_word' id='word_1_145' title='bbox 1292 3155 1294 3172; x_wconf 60' lang='grc' dir='ltr'>ι</span> 
     </span>
     <span class='ocr_line' id='line_1_28' title="bbox 150 3234 1177 3329; baseline 0.004 -16"><span class='ocrx_word' id='word_1_146' title='bbox 150 3254 222 3313; x_wconf 78' lang='lat' dir='ltr'>rtua</span> <span class='ocrx_word' id='word_1_147' title='bbox 242 3238 395 3326; x_wconf 84' lang='lat' dir='ltr'>attinet,</span> <span class='ocrx_word' id='word_1_148' title='bbox 427 3234 601 3311; x_wconf 84' lang='lat' dir='ltr'>remissior</span> <span class='ocrx_word' id='word_1_149' title='bbox 617 3234 830 3328; x_wconf 88' lang='lat' dir='ltr'>videbatur,</span> <span class='ocrx_word' id='word_1_150' title='bbox 864 3235 1100 3329; x_wconf 79' lang='lat' dir='ltr'>prudentibus</span> <span class='ocrx_word' id='word_1_151' title='bbox 1123 3252 1177 3317; x_wconf 83' lang='lat' dir='ltr'>ta·</span> 
     </span>
     <span class='ocr_line' id='line_1_29' title="bbox 150 3353 1174 3454; baseline -0.009 -22"><span class='ocrx_word' id='word_1_152' title='bbox 150 3382 188 3435; x_wconf 80' lang='lat' dir='ltr'>en</span> <span class='ocrx_word' id='word_1_153' title='bbox 206 3357 299 3434; x_wconf 78' lang='lat' dir='ltr'>virio</span> <span class='ocrx_word' id='word_1_154' title='bbox 315 3373 467 3454; x_wconf 90' lang='lat' dir='ltr'>propter</span> <span class='ocrx_word' id='word_1_155' title='bbox 482 3354 662 3431; x_wconf 86' lang='lat' dir='ltr'>infamiam</span> <span class='ocrx_word' id='word_1_156' title='bbox 680 3353 753 3428; x_wconf 87' lang='lat' dir='ltr'>visa</span> <span class='ocrx_word' id='word_1_157' title='bbox 768 3353 820 3429; x_wconf 89' lang='lat' dir='ltr'>est</span> <span class='ocrx_word' id='word_1_158' title='bbox 836 3356 1015 3437; x_wconf 82' lang='lat' dir='ltr'>acerbior.</span> <span class='ocrx_word' id='word_1_159' title='bbox 1076 3358 1174 3438; x_wconf 81' lang='lat' dir='ltr'>Utri.</span> 
     </span>
     <span class='ocr_line' id='line_1_30' title="bbox 150 3474 1178 3578; baseline -0.006 -29"><span class='ocrx_word' id='word_1_160' title='bbox 150 3502 177 3552; x_wconf 78' lang='grc' dir='ltr'>,ο</span> <span class='ocrx_word' id='word_1_161' title='bbox 193 3477 311 3571; x_wconf 88' lang='lat' dir='ltr'>enirn,</span> <span class='ocrx_word' id='word_1_162' title='bbox 338 3477 435 3570; x_wconf 81' lang='lat' dir='ltr'>dria,</span> <span class='ocrx_word' id='word_1_163' title='bbox 463 3479 522 3570; x_wconf 93' lang='lat' dir='ltr'>qui</span> <span class='ocrx_word' id='word_1_164' title='bbox 537 3474 836 3571; x_wconf 85' lang='lat' dir='ltr'>persequebatur,</span> <span class='ocrx_word' id='word_1_165' title='bbox 863 3477 897 3552; x_wconf 85' lang='lat' dir='ltr'>dr</span> <span class='ocrx_word' id='word_1_166' title='bbox 916 3478 991 3573; x_wconf 88' lang='lat' dir='ltr'>iile,</span> <span class='ocrx_word' id='word_1_167' title='bbox 1018 3482 1079 3574; x_wconf 92' lang='lat' dir='ltr'>qui</span> <span class='ocrx_word' id='word_1_168' title='bbox 1096 3500 1178 3578; x_wconf 82' lang='lat' dir='ltr'>per.</span> 
     </span>
     <span class='ocr_line' id='line_1_31' title="bbox 150 3595 977 3694; baseline -0.004 -20"><span class='ocrx_word' id='word_1_169' title='bbox 150 3599 331 3674; x_wconf 74' lang='lat' dir='ltr'>tutionem</span> <span class='ocrx_word' id='word_1_170' title='bbox 348 3596 562 3694; x_wconf 87' lang='lat' dir='ltr'>sustinebat,</span> <span class='ocrx_word' id='word_1_171' title='bbox 589 3618 635 3673; x_wconf 84' lang='lat' dir='ltr'>ex</span> <span class='ocrx_word' id='word_1_172' title='bbox 648 3595 807 3671; x_wconf 75' lang='lat' dir='ltr'>Ecclesia</span> <span class='ocrx_word' id='word_1_173' title='bbox 825 3612 937 3674; x_wconf 90' lang='lat' dir='ltr'>erant.</span> <span class='ocrx_word' id='word_1_174' title='bbox 949 3602 977 3641; x_wconf 79' lang='lat'>‘⁶</span> 
     </span>
    </p>

    <p class='ocr_par' dir='ltr' id='par_1_6' title="bbox 149 3699 1181 4430">
     <span class='ocr_line' id='line_1_32' title="bbox 207 3699 1179 3814; baseline 0.005 -22"><span class='ocrx_word' id='word_1_175' title='bbox 207 3713 380 3814; x_wconf 83' lang='lat' dir='ltr'>Episcopi</span> <span class='ocrx_word' id='word_1_176' title='bbox 396 3719 466 3807; x_wconf 87' lang='lat' dir='ltr'>illi,</span> <span class='ocrx_word' id='word_1_177' title='bbox 492 3730 536 3792; x_wconf 91' lang='lat' dir='ltr'>ut</span> <span class='ocrx_word' id='word_1_178' title='bbox 550 3720 663 3794; x_wconf 87' lang='lat' dir='ltr'>moris</span> <span class='ocrx_word' id='word_1_179' title='bbox 682 3716 733 3792; x_wconf 85' lang='lat' dir='ltr'>est</span> <span class='ocrx_word' id='word_1_180' title='bbox 750 3718 813 3810; x_wconf 85' lang='lat' dir='ltr'>iia,</span> <span class='ocrx_word' id='word_1_181' title='bbox 841 3720 902 3810; x_wconf 90' lang='lat' dir='ltr'>qui</span> <span class='ocrx_word' id='word_1_182' title='bbox 921 3714 1031 3793; x_wconf 78' lang='lat' dir='ltr'>cause</span> <span class='ocrx_word' id='word_1_183' title='bbox 1048 3699 1179 3814; x_wconf 70' lang='lat' dir='ltr'>inique</span> 
     </span>
     <span class='ocr_line' id='line_1_33' title="bbox 150 3836 1180 3935; baseline 0 -19"><span class='ocrx_word' id='word_1_184' title='bbox 150 3836 341 3917; x_wconf 65' lang='lat' dir='ltr'>eudonem</span> <span class='ocrx_word' id='word_1_185' title='bbox 358 3840 491 3915; x_wconf 88' lang='lat' dir='ltr'>elicere</span> <span class='ocrx_word' id='word_1_186' title='bbox 511 3852 676 3929; x_wconf 85' lang='lat' dir='ltr'>tentant,</span> <span class='ocrx_word' id='word_1_187' title='bbox 702 3836 903 3914; x_wconf 90' lang='lat' dir='ltr'>Constantii</span> <span class='ocrx_word' id='word_1_188' title='bbox 921 3841 1091 3935; x_wconf 87' lang='lat' dir='ltr'>nomine,</span> <span class='ocrx_word' id='word_1_189' title='bbox 1119 3860 1180 3916; x_wconf 87' lang='lat' dir='ltr'>au·</span> 
     </span>
     <span class='ocr_line' id='line_1_34' title="bbox 149 3951 1180 4056; baseline 0 -20"><span class='ocrx_word' id='word_1_190' title='bbox 149 3961 308 4056; x_wconf 89' lang='lat' dir='ltr'>oritate,</span> <span class='ocrx_word' id='word_1_191' title='bbox 333 3959 622 4037; x_wconf 82' lang='lat' dir='ltr'>virtutibuasrve</span> <span class='ocrx_word' id='word_1_192' title='bbox 638 3961 757 4055; x_wconf 86' lang='lat' dir='ltr'>veria,</span> <span class='ocrx_word' id='word_1_193' title='bbox 782 3951 984 4054; x_wconf 69' lang='lat' dir='ltr'>sinendis,</span> <span class='ocrx_word' id='word_1_194' title='bbox 1011 3960 1180 4036; x_wconf 84' lang='lat' dir='ltr'>omnido-</span> 
     </span>
     <span class='ocr_line' id='line_1_35' title="bbox 150 4080 1180 4180; baseline -0.004 -21"><span class='ocrx_word' id='word_1_195' title='bbox 150 4104 241 4180; x_wconf 75' lang='lat' dir='ltr'>pue,</span> <span class='ocrx_word' id='word_1_196' title='bbox 278 4101 348 4177; x_wconf 89' lang='lat' dir='ltr'>qua</span> <span class='ocrx_word' id='word_1_197' title='bbox 364 4095 557 4179; x_wconf 90' lang='lat' dir='ltr'>poterant,</span> <span class='ocrx_word' id='word_1_198' title='bbox 593 4082 757 4176; x_wconf 88' lang='lat' dir='ltr'>ratione,</span> <span class='ocrx_word' id='word_1_199' title='bbox 789 4080 913 4157; x_wconf 85' lang='lat' dir='ltr'>sucum</span> <span class='ocrx_word' id='word_1_200' title='bbox 929 4081 1051 4157; x_wconf 88' lang='lat' dir='ltr'>facere</span> <span class='ocrx_word' id='word_1_201' title='bbox 1071 4098 1180 4155; x_wconf 89' lang='lat' dir='ltr'>cona·</span> 
     </span>
     <span class='ocr_line' id='line_1_36' title="bbox 150 4195 1180 4301; baseline -0.006 -19"><span class='ocrx_word' id='word_1_202' title='bbox 150 4195 259 4283; x_wconf 68' lang='lat' dir='ltr'>utun</span> <span class='ocrx_word' id='word_1_203' title='bbox 305 4200 409 4281; x_wconf 77' lang='lat' dir='ltr'>Alius</span> <span class='ocrx_word' id='word_1_204' title='bbox 423 4203 558 4298; x_wconf 88' lang='lat' dir='ltr'>itaque,</span> <span class='ocrx_word' id='word_1_205' title='bbox 583 4215 757 4295; x_wconf 87' lang='lat' dir='ltr'>quantum</span> <span class='ocrx_word' id='word_1_206' title='bbox 771 4203 901 4278; x_wconf 82' lang='lat' dir='ltr'>exhor</span> <span class='ocrx_word' id='word_1_207' title='bbox 913 4206 1009 4278; x_wconf 84' lang='lat' dir='ltr'>libro</span> <span class='ocrx_word' id='word_1_208' title='bbox 1023 4200 1180 4301; x_wconf 87' lang='lat' dir='ltr'>subodo-</span> 
     </span>
     <span class='ocr_line' id='line_1_37' title="bbox 150 4319 1181 4430; baseline 0.002 -27"><span class='ocrx_word' id='word_1_209' title='bbox 150 4329 175 4403; x_wconf 87' lang='lat' dir='ltr'>rs</span> <span class='ocrx_word' id='word_1_210' title='bbox 193 4324 269 4430; x_wconf 76' lang='lat' dir='ltr'>eit,</span> <span class='ocrx_word' id='word_1_211' title='bbox 294 4323 498 4403; x_wconf 57' lang='lat' dir='ltr'>extollebat</span> <span class='ocrx_word' id='word_1_212' title='bbox 515 4320 717 4402; x_wconf 78' lang='lat' dir='ltr'>constentii</span> <span class='ocrx_word' id='word_1_213' title='bbox 732 4322 771 4398; x_wconf 90' lang='lat' dir='ltr'>in</span> <span class='ocrx_word' id='word_1_214' title='bbox 786 4319 954 4401; x_wconf 80' lang='lat' dir='ltr'>Ecclesiit</span> <span class='ocrx_word' id='word_1_215' title='bbox 971 4320 1181 4405; x_wconf 78' lang='lat' dir='ltr'>construet·</span> 
     </span>
    </p>

    <p class='ocr_par' dir='ltr' id='par_1_7' title="bbox 1053 4442 1142 4548">
     <span class='ocr_line' id='line_1_38' title="bbox 1053 4442 1142 4548; baseline 0 0"><span class='ocrx_word' id='word_1_216' title='bbox 1053 4442 1142 4548; x_wconf 53' lang='grc' dir='ltr'>ὼ»</span> 
     </span>
    </p>
   </div>
   <div class='ocr_carea' id='block_1_6' title="bbox 0 0 1376 4959">
    <p class='ocr_par' dir='ltr' id='par_1_8' title="bbox 0 0 1376 4959">
     <span class='ocr_line' id='line_1_39' title="bbox 0 0 1376 4959; baseline 0 0"><span class='ocrx_word' id='word_1_217' title='bbox 0 0 1376 4959; x_wconf 95' lang='lat' dir='ltr'> </span> 
     </span>
    </p>
   </div>
  </div>
 </body>
</html>
