2742 4959
509 603 833 712 Stetere
1155 641 1206 698 eu

133 781 240 880 quod
264 781 322 857 alii
342 795 535 858 commune
552 801 636 860 euru
647 797 702 856 eo
719 778 790 858 elle
803 799 883 860 nou
900 779 1030 882 polit,
1061 781 1204 880 edjeeit.

134 905 271 1000 Neque
287 900 422 998 solum,
459 921 542 979 curn
560 899 743 997 christun,
767 899 827 990 sed
844 899 1140 980 &nundinet
1163 907 1203 983 iu
1294 921 1299 938 ·

131 1025 279 1104 Psalmi·
293 1024 552 1118 praemuntur,
577 1020 794 1118 quaedemiu
809 1019 1045 1102 eitobsmet
1058 1021 1205 1102 eli'enu·

137 1161 207 1240 ter,
233 1147 362 1240 quibus
379 1145 485 1220 aliurn
498 1139 647 1238 sensum,
673 1161 779 1235 quarn
789 1143 849 1236 qui
861 1143 979 1238 primo
994 1144 1130 1222 obuiue
1138 1145 1205 1243 est,
1229 1191 1234 1204 ·

133 1265 389 1364 inquirendum
410 1263 677 1342 admoneamur.
727 1259 837 1338 Unde
849 1259 1037 1342 uestitum
1054 1261 1106 1344 ut
1122 1287 1209 1360 125.·
1260 1355 1264 1368 ι

132 1385 315 1484 preclaris
330 1387 385 1460 his
403 1385 528 1460 verbit
549 1381 769 1480 auspicatur:
805 1379 913 1477 „Niu
935 1381 1048 1460 ellent
1061 1389 1097 1462 in
1115 1383 1207 1466 Psel-

133 1510 201 1586 rnir
226 1505 384 1599 quedem
402 1505 492 1578 trlee
509 1501 734 1602 Prophetire,
770 1515 813 1578 ut
834 1502 943 1580 iuret
963 1519 1072 1601 etque
1088 1507 1206 1588 homi·

132 1645 198 1704 uer
218 1645 346 1702 eorum
366 1643 593 1720 temporum,
618 1625 747 1719 quibus
764 1622 893 1718 scripte
908 1625 1002 1721 liunt,
1029 1645 1204 1710 uoueou·

135 1749 328 1835 venirentr
368 1743 536 1842 profesto
562 1746 738 1823 reuerent
758 1745 861 1822 multi
888 1745 976 1822 nihil
998 1747 1036 1822 in
1061 1747 1203 1838 Psalmis

133 1865 365 1964 spiritualiter
379 1863 745 1956 ditlumeristimerer
769 1879 1012 1964 puterentque
1024 1887 1094 1944 noe
1105 1891 1207 1946 eom·

132 1988 316 2066 mentirier
345 1983 573 2080 assertiones,
604 1983 865 2062 &ementitier
885 1973 1206 2086 interpretatiunee

132 2110 334 2204 inquirere,
359 2108 488 2200 quibue
498 2105 703 2180 videremur
716 2107 820 2180 altitu
831 2103 953 2181 neseio
968 2109 1054 2201 quld
1064 2130 1108 2185 ee
1119 2127 1207 2205 pro·

132 2227 282 2305 luudiur
294 2240 504 2304 ceterorum
512 2223 611 2300 sensu
619 2222 849 2308 intelleriller
873 2226 1024 2322 perinde
1032 2230 1125 2326 quusi
1133 2249 1205 2307 noe

131 2347 248 2426 sensui
267 2347 396 2424 nostru
421 2368 486 2442 ee,
518 2367 596 2441 que
610 2344 739 2443 scripte
754 2344 857 2429 sunt,
895 2362 1129 2446 coaptemur,
1168 2349 1204 2424 ti

134 2489 212 2544 nun
231 2469 406 2564 magiter
427 2468 502 2560 hir,
533 2487 612 2562 quae
625 2463 756 2562 scripte
771 2464 872 2549 sunt,
906 2465 1042 2548 sensum
1056 2471 1205 2572 diligen·

129 2587 185 2664 tir
200 2587 235 2664 u
248 2585 1004 2686 sollicitaeintelllgertieconsequemur.“·
1030 2591 1121 2686 Quo
1129 2587 1207 2682 spe-

132 2707 210 2786 stet
222 2708 312 2782 illud
331 2707 522 2806 Augustini
537 2711 573 2782 in
590 2707 642 2784 Pi.
657 2729 737 2800 103.
749 2705 850 2782 serm.
865 2727 915 2784 r.r
941 2710 1101 2808 „Quare
1114 2729 1208 2802 que-

133 2827 220 2906 dem
241 2829 280 2903 in
296 2831 405 2902 rebus
424 2829 622 2902 vifibilibut
637 2825 734 2918 quali
751 2822 899 2900 absurde
915 2823 1039 2901 miscet
1052 2827 1206 2923 spiritur

133 2945 296 3044 seustur,
321 2946 383 3025 nisr
401 2963 446 3023 ut
463 2968 597 3042 exeo,
630 2945 731 3040 quod
748 2963 825 3020 non
840 2941 1023 3040 polluruur
1039 2949 1205 3046 recipere

87 3122 92 3136 ·
136 3069 186 3146 ed
199 3071 373 3163 litteram,
400 3083 509 3166 cogat
526 3087 596 3143 noe
615 3065 679 3142 ilie
693 3062 896 3164 spirituliter
917 3068 1142 3162 quererei“

171 3235 177 3246 ·
239 3189 320 3268 Hae
342 3189 520 3286 opinione
541 3187 701 3262 imbutue
722 3185 903 3281 Hileriue,
934 3186 1104 3264 sustinere
1127 3211 1206 3268 nou

135 3313 240 3392 velet
256 3331 338 3406 eor,
363 3312 424 3405 qui
439 3329 512 3405 prae
525 3309 638 3390 nimiu
655 3307 784 3382 littere
800 3315 924 3386 eruere
937 3311 1111 3387 virtutem
1123 3332 1207 3388 ver·

136 3433 271 3510 berum
285 3451 362 3509 non
383 3428 641 3526 intelligenter,
665 3429 734 3502 ne'c
747 3423 939 3522 Propheta
953 3428 1112 3526 spiritum
1130 3430 1206 3508 sen·

137 3557 286 3636 tientee,
310 3548 466 3628 Pselruoe
480 3564 630 3624 terreno
639 3547 785 3645 ingenio
801 3547 1055 3648 intelligendos
1064 3566 1204 3650 putent

138 3675 221 3752 llos
235 3667 1073 3763 &uubieobseuritrtem&Prophetirinjurirrn
1083 3671 1207 3749 fecere

139 3793 304 3890 queritur
321 3793 377 3868 hir
392 3792 534 3866 verbier
567 3841 596 3887 „
605 3785 759 3864 Faciunt
775 3789 882 3867 nobie
899 3791 1060 3887 plerique
1078 3793 1206 3870 obscu-

138 3917 300 4008 riteterrr,
323 3913 493 3989 volenter
507 3908 698 4007 scripturae
720 3905 800 3985 solo
817 3913 953 3988 eutium
962 3913 1102 4009 judicio
1116 3913 1208 3988 aestl·

138 4055 259 4131 mere,
293 4033 328 4109 it
351 4053 429 4142 nori
443 4019 537 4107 eliud
551 4033 588 4106 in
608 4031 662 4106 hie
681 4029 873 4127 estimare,
904 4054 1008 4127 quem
1026 4034 1124 4127 quod
1141 4032 1205 4110 sub

138 4157 283 4256 ungulis
320 4171 438 4229 rerum
474 4171 768 4245 quarumcunque
801 4156 994 4228 vocabulis
1029 4152 1204 4229 audietur.

140 4277 255 4384 Quod
271 4295 356 4356 cum
367 4271 523 4372 volunt,
546 4293 666 4368 neque
685 4271 887 4369 Prophetae
903 4295 981 4353 uon
999 4273 1084 4350 dico
1103 4274 1208 4348 coele·

544 4495 548 4502 .
634 4413 764 4498 es·
1077 4392 1157 4494 stur
