2742 4959
184 727 258 782 no
384 705 420 784 8.
453 708 646 783 llruanrr
678 726 737 779 or
768 703 1045 783 Tarnrrara

181 869 302 961 bitur,
325 883 390 962 ut,
416 865 515 961 quod
530 865 764 965 irreligiosum
781 866 846 960 est,
872 890 1018 967 negare,
1043 867 1192 965 idipsum
1205 827 1258 947 ir-⁸

183 968 390 1066 religiosum
407 970 449 1043 srt
462 965 650 1043 confiteri:
677 989 759 1045 cum
777 972 891 1063 pietas
909 968 1109 1044 confitendi
1126 973 1252 1067 impie·

93 1129 96 1134 .
184 1083 297 1144 tatem
328 1069 546 1144 condemnet
567 1068 743 1168 negandi,
776 1090 846 1143 nec
866 1073 1000 1145 rationi
1022 1076 1252 1169 conueniat,

185 1187 229 1244 ut
250 1171 386 1244 utiliter
400 1167 614 1263 affirmetur,
648 1170 753 1264 quod
766 1170 903 1244 utiliter
919 1171 1128 1248 destruatur.
1179 1175 1251 1249 Sed

184 1270 229 1345 ad
242 1271 373 1345 divina
390 1269 567 1362 sapientire
581 1270 855 1366 intelligentiam
871 1272 1043 1346 humanus
1057 1270 1174 1346 sensus
1188 1274 1251 1349 im·

184 1371 364 1467 prudens,
398 1368 433 1443 dr
455 1367 647 1444 secundum
669 1368 843 1446 calestem
859 1371 1085 1466 prudentiam
1101 1373 1251 1468 stultus,

182 1473 288 1566 juxta
304 1468 528 1543 infirmitates
547 1465 622 1543 suas
639 1467 764 1562 sentit,
800 1471 835 1544 dr
848 1471 952 1564 juxta
969 1465 1251 1549 imbecillitatem

185 1585 322 1647 naturae
337 1568 404 1644 suae
421 1568 530 1666 sapit;
557 1569 684 1643 stultus
704 1569 766 1644 fibi
779 1569 944 1664 futurus,
969 1586 1011 1646 ut
1030 1572 1114 1646 Deo
1126 1573 1250 1670 sapiat,

183 1670 323 1745 scilicet
335 1685 378 1742 ut
389 1669 506 1745 sensus
525 1668 576 1744 sui
594 1670 754 1766 inopiam
774 1672 1000 1770 intelligens,
1032 1671 1149 1748 &Dei
1166 1677 1251 1769 sapi-

183 1774 319 1849 entiam
348 1768 578 1864 conseilans,
620 1791 699 1844 non
722 1770 914 1846 secundum
944 1773 1133 1847 humanam
1162 1773 1250 1868 sapi-

184 1875 320 1949 entiam
344 1869 502 1967 prudens
528 1868 595 1962 sat,
633 1867 693 1943 sed
721 1868 915 1946 secundum
942 1874 1041 1966 quod
1068 1874 1111 1947 ad
1131 1874 1250 1950 Deum

185 1972 362 2069 proficit,
407 1969 541 2067 sapiat,
582 1972 620 2046 in
647 1970 719 2046 Dei
745 1970 950 2066 sapientiam
982 1995 1028 2045 ex
1062 1977 1252 2071 recognita

88 2075 93 2099 ¹
185 2077 310 2150 mundi
338 2071 486 2149 stultitia
509 2072 729 2147 transiturus.
799 2069 909 2166 Cujus
931 2070 1045 2147 stultae
1073 2073 1252 2168 sapientia

186 2175 323 2251 sensum
358 2174 524 2248 haeretica
557 2171 729 2245 subtilitas
766 2172 808 2244 ad
846 2172 991 2246 fallendi
1025 2175 1253 2251 occasionem

186 2292 385 2373 coaptant,
418 2291 527 2345 unum
542 2271 662 2354 Deum
675 2270 832 2369 professa
844 2271 914 2364 est,
948 2271 1160 2349 austoritate
1179 2276 1250 2347 Le·

163 2369 265 2474 pis,
299 2371 653 2469 Euangeliorumque
677 2370 762 2466 usa,
802 2393 871 2464 qua
893 2372 1024 2447 diiturn
1050 2373 1126 2447 est:
1158 2376 1248 2444 Audi

191 2477 308 2565 Israel,
350 2479 505 2547 Durnium
535 2476 623 2544 Deus
649 2487 830 2542 tuoruum
855 2472 915 2569 est:
952 2494 1028 2546 non
1055 2475 1249 2570 ignorans,

190 2593 363 2673 quantum
380 2578 416 2648 in
431 2593 477 2646 eo
492 2569 580 2643 ess‘er
604 2574 665 2645 vel
683 2571 922 2665 responsionis
939 2577 1156 2666 periculum,
1189 2579 1252 2650 uel

187 2679 338 2765 silentiu
367 2676 400 2748 dr
419 2695 465 2747 ex
483 2689 641 2764 utroque
653 2672 967 2767 opportunitatem
985 2674 1175 2767 impietatis
1194 2698 1253 2749 ex·

188 2780 366 2878 spellam:
402 2787 444 2848 ut
467 2774 492 2848 fi
513 2773 732 2848 senilitatem
756 2771 837 2846 diiii
862 2769 1054 2847 infideliter
1073 2773 1254 2870 usurpati,

189 2879 423 2955 'conniventis
448 2878 670 2948 taciturnitas
695 2870 945 2972 confirmaret,
983 2875 1116 2968 perid,
1155 2880 1254 2968 quod

187 2982 398 3057 Deusunus
412 2976 477 3066 est,
503 2971 596 3047 filius
612 2989 731 3047 tamen
751 2973 821 3045 Dei
836 2972 937 3047 Deus
954 2995 1030 3047 non
1043 2973 1143 3066 esset,
1170 2978 1254 3050 Deo

187 3089 350 3173 tantum,
382 3079 472 3151 srcut
492 3074 543 3147 est
555 3095 631 3146 uno
651 3089 839 3158 manentea
867 3088 1014 3148 atvero
1032 3075 1055 3148 sr
1073 3080 1255 3152 contradi·

188 3184 261 3255 &io
278 3177 472 3272 praesumtaa
490 3175 605 3266 impiae
621 3175 726 3265 hujus
737 3173 1165 3268 proseffionisexsrsteret,
1193 3200 1257 3252 ve·

186 3284 333 3355 ritatem
348 3275 431 3349 fidei
451 3276 668 3370 evangelicae
681 3293 756 3346 non
769 3273 1003 3348 conservaret
1015 3277 1131 3348 Deum
1144 3299 1256 3354 unum

188 3403 268 3457 non
286 3375 444 3451 confessa
458 3371 660 3469 responsio,
688 3395 769 3446 cum
783 3370 865 3446 fidei
881 3374 1010 3447 nostra
1025 3376 1193 3468 professio
1206 3378 1257 3452 se·

189 3481 346 3555 eundum
363 3477 483 3552 Deum
498 3495 608 3549 unum
627 3474 689 3564 srt;
715 3475 965 3567 recideretque
979 3478 1014 3548 in
1028 3477 1172 3548 alterius
1187 3479 1258 3551 hae·

182 3579 311 3658 'reseos
323 3581 563 3674 impietatem,
590 3574 710 3647 Deum
720 3595 831 3647 unum
843 3575 1256 3672 patremdrFiliumpro·

186 3680 277 3760 sessa
290 3679 474 3769 confessio.
525 3675 650 3767 Atque
662 3677 712 3747 ita
727 3672 897 3768 sapientia
912 3676 1047 3764 mundi,
1076 3698 1154 3767 quae
1171 3677 1256 3752 stul·

186 3784 269 3860 titia
293 3779 385 3873 apud
410 3779 530 3851 Deum
547 3775 621 3871 est,
654 3775 771 3870 specie
787 3775 924 3848 blandae
943 3776 976 3849 dt
993 3773 1168 3870 pestiferae
1182 3780 1259 3854 srm-

185 3883 358 3980 plicitatis
372 3879 554 3968 illuderet,
580 3898 663 3950 curn
680 3878 754 3950 hoc
770 3872 852 3949 fidei
868 3875 936 3949 suae
948 3876 1185 3951 constitueret
1196 3901 1257 3953 ex·

188 3986 353 4075 ordinm,
386 3980 423 4052 in
445 3999 519 4070 quo
542 3978 606 4052 sibi
624 3980 734 4074 impie
747 3991 809 4050 aut
821 3974 1084 4058 assentiremur,
1118 3993 1179 4052 aut
1198 3980 1256 4051 ad·

187 4082 427 4166 versaremur,
453 4080 566 4171 &per
585 4080 658 4152 hoc
673 4078 859 4166 utriusque
875 4080 924 4149 rei
940 4079 1154 4171 periculum,
1181 4071 1253 4148 Dei

189 4186 305 4261 filium
316 4183 435 4256 Deum
448 4199 525 4253 non
541 4176 611 4254 elle
626 4178 830 4268 obtineret,
859 4178 941 4268 quia
958 4178 1060 4254 Deus
1080 4197 1170 4251 unus
1189 4173 1255 4264 est,

188 4300 255 4360 aut
273 4295 510 4374 extorqueret
532 4277 708 4355 haereseos
726 4276 985 4371 neceffitatem,
1019 4279 1045 4353 sr
1063 4277 1256 4352 &Patrem

187 4383 311 4463 Deum
328 4381 484 4466 &salium
495 4380 616 4462 Deum
627 4374 859 4478 confitentes,
883 4399 995 4459 unum
1003 4378 1122 4458 Deum
1125 4374 1260 4553 {attaedi-
