2742 4959
512 665 835 744 Scurrae.
1098 654 1210 745 cim

160 861 164 874 ·
237 833 273 907 6.
299 828 387 904 Hoc
409 827 545 904 Hilarii
577 849 685 927 opus·
703 841 854 904 notatur
885 825 923 902 ia
948 829 1095 925 vulgata
1120 829 1208 908 Hie·

134 952 282 1047 ronymi
308 950 406 1045 epist.
426 972 460 1040 5.
487 952 531 1024 ad
555 931 832 1042 Pammachium,
858 948 919 1052 ubi
944 950 1126 1025 recensitis
1145 952 1207 1028 Pa·

139 1072 284 1168 tribus,
324 1074 382 1165 qui
410 1073 455 1145 de
479 1077 631 1146 numero
657 1071 782 1164 impari
798 1059 1082 1165 ‘tranaverunm
1126 1069 1207 1148 sub-

136 1194 285 1286 jicitur:
324 1171 531 1292 „Quorum
555 1179 713 1267 Hilarius
739 1192 783 1263 do
807 1181 1035 1283 septenario,
1069 1191 1107 1265 id
1133 1190 1205 1275 est,

87 1350 89 1360 ,
137 1311 264 1405 impari
295 1332 450 1388 numero
481 1303 676 1403 differens}
712 1332 790 1405 quae
822 1310 1016 1401 &quanta
1041 1310 1204 1409 dixerit,

139 1433 181 1514 ad
213 1431 243 1505 F
244 1447 452 1506 ortunatum
484 1430 575 1505 liber
605 1431 698 1503 illius
723 1429 931 1504 testimonio
957 1429 1056 1507 est.“
1132 1431 1206 1526 Cy·

109 1554 250 1648 ¹÷,priarri
284 1554 327 1625 ad
356 1551 599 1626 Fortunatum
620 1549 667 1622 de
692 1551 951 1632 exhortatione
975 1553 1138 1645 martyrii
1163 1554 1205 1626 li·

139 1673 241 1747 hrum
267 1693 299 1748 c.
330 1693 385 1748 rr.
413 1673 598 1746 hocloco
625 1671 669 1743 ab
695 1671 925 1763 Hieronymo
951 1671 1098 1755 indicari
1123 1695 1203 1751 non

137 1791 284 1867 dubium
310 1791 381 1866 est:
418 1813 522 1885 quem
547 1805 744 1887 propterea
767 1791 951 1865 Marianus
976 1790 1118 1866 Hilario
1142 1794 1203 1867 ad·

137 1911 367 2006 judicandum
393 1915 543 1983 omnino
571 1910 783 1999 arbitratur,
818 1908 877 1982 led
900 1910 1039 1986 frustra.
1104 1911 1202 2004 Nam

136 2053 210 2108 non
246 2032 360 2106 modo
394 2029 476 2102 libri
507 2029 600 2101 illius
630 2027 729 2104 stilus
757 2025 926 2123 Cypriani
958 2029 1066 2125 genio
1091 2029 1204 2128 longe

107 2155 251 2308 'magis
274 2149 534 2224 consentaneus
559 2145 630 2242 est,
645 2153 648 2160 '
665 2167 770 2241 quam
797 2147 942 2239 Hilarii3
980 2146 1039 2222 sed
1066 2148 1100 2226 ἀ
1124 2152 1204 2244 plu·
1234 2173 1242 2182 ·

107 2311 109 2354 r
136 2273 234 2347 ribus
270 2272 417 2365 optimae
448 2283 545 2344 notre
571 2267 657 2345 Mss.
684 2269 728 2342 ad
753 2267 955 2363 predistum
981 2267 1201 2366 Hieronymi

105 2361 109 2460 l
135 2396 259 2467 locum
286 2389 416 2466 exatlis
433 2443 446 2483 ,
464 2419 467 2426 ·
487 2411 533 2464 ne
555 2391 594 2463 in
618 2409 696 2463 uno
723 2389 865 2482 quidem
889 2392 1075 2464 occurrit:
1112 2398 1204 2485 Quo·

137 2537 211 2588 rum
242 2513 395 2587 Hilarius
408 2531 429 2596 ·,·
466 2506 527 2582 sed
558 2512 597 2582 in
629 2513 798 2585 omnibus
827 2533 957 2609 magno
996 2510 1200 2587 consensu:

131 2638 282 2728 Quorum
310 2630 527 2729 cyprianus..
584 2632 698 2731 Quod
724 2631 817 2705 v'ero
844 2633 1028 2705 Marianus
1055 2629 1201 2724 asserit,

128 2752 455 2830 Hilario-amicum
479 2747 582 2846 fuill‘e
604 2749 862 2844 Fortunatum,
890 2751 984 2822 haud
1010 2751 1127 2823 facile·
1143 2771 1203 2844 ap·

126 2876 323 2973 probaret:
349 2869 410 2945 sed
432 2869 459 2944 fi
484 2873 723 2966 approbaret,
750 2870 834 2962 quid
859 2869 977 2963 quaeso
1002 2871 1087 2946 inde
1113 2892 1203 2946 con·

123 2989 342 3074 ficeretur?

239 3135 274 3207 7.
299 3110 427 3185 Hilarii
443 3109 580 3204 Hymni
606 3112 747 3204 de-qua
772 3131 812 3186 re
837 3107 1096 3207 trailaverint,
1119 3114 1201 3189 bre·

83 3239 86 3264 '
122 3239 233 3313 viter
256 3229 460 3328 perstringit
484 3229 687 3304 Concilium
706 3231 927 3308 Toletanum
943 3232 1009 3309 IV.
1036 3231 1124 3309 Can.
1144 3256 1201 3328 13.

125 3358 197 3434 arbi
231 3355 306 3427 ait:
343 3349 561 3443 „Nonnulli
595 3353 719 3444 hymni
747 3355 903 3438 humano
927 3351 1045 3425 studio
1067 3354 1103 3428 in
1126 3357 1202 3427 lau·

126 3481 220 3554 dem
244 3473 337 3563 Dei,
363 3485 471 3563 atque
497 3470 760 3564 Apostolorum
787 3472 821 3545 ἀ
846 3469 1049 3565 Martyrum
1077 3476 1203 3552 trium·

125 3601 233 3697 phos
259 3591 449 3686 composui
475 3589 546 3665 elie
570 3589 790 3686 noscuntur,
823 3592 912 3667 srcut
937 3595 991 3675 hi,
1018 3614 1110 3685 quos
1137 3597 1201 3669 be·

127 3715 275 3795 atillimi·
305 3711 522 3807 Doilores,
560 3704 718 3786 Hilarius
751 3729 858 3806 atque
891 3712 1102 3789 Ambrohus
1128 3716 1202 3790 edi·

127 3835 317 3916 derunt.“
737 3823 740 3830 ’

130 3997 138 4008 ·
238 3957 298 4030 De'
328 3953 455 4032 iisdem
489 3957 738 4048 Hieronymus
771 3954 808 4029 in
838 3955 900 4031 lib.
933 3951 978 4030 Π.
1005 3966 1200 4030 comment.

81 4087 85 4144 ἰ
128 4081 179 4157 ad
207 4075 355 4152 Galatas
378 4077 454 4150 hoc
478 4099 587 4150 unum
613 4077 773 4168 indicat,
810 4076 908 4168 quod
935 4074 1128 4168 „Hilarius
1154 4073 1202 4146 la·

81 4295 83 4302 Ι
129 4207 221 4277 tinae
247 4200 463 4292 eloquentie
487 4196 711 4289 Rhodanus,
746 4196 870 4271 Gallus
896 4194 995 4291 ipse,
1033 4191 1202 4266 &Pina-

131 4325 192 4397 vis
233 4319 376 4421 genitus
413 4318 449 4392 in
488 4319 708 4411 hymnorum
741 4317 897 4394 carmine
935 4310 1060 4390 Galus
1096 4314 1201 4388 indo·

631 4439 691 4511 i2
1069 4436 1159 4510 tiles
