2742 4959
200 607 249 690 'to
295 599 298 604 ’
405 611 440 687 S.
474 611 671 686 Hreenrr
702 631 759 683 ne
790 607 1064 684 Tarur‘rurrc

197 789 337 850 tantum
356 795 500 848 omnem
517 770 762 865 persequentis
782 770 816 844 se
830 784 966 844 naturae
982 767 1194 846 infinitatem
1213 773 1266 850 in.

198 873 785 972 finitaeimmoderataeaeternitatis
798 870 1004 944 excederet.
1056 875 1266 969 Quodcum

125 1013 130 1022 ·
197 975 337 1050 anobis
359 979 417 1065 pic
433 974 717 1068 intelligeretur,
744 987 901 1046 tamena
922 971 1100 1064 propheta
1118 975 1192 1046 haec
1213 978 1266 1050 ita

196 1075 341 1150 dicente
363 1069 870 1147 manifesteconhrmabatur:
907 1075 982 1164 Quo
1001 1074 1089 1143 altio
1108 1101 1128 1147 a
1136 1075 1265 1170 spirite

198 1194 272 1260 tea,
303 1191 363 1246 aut
382 1201 404 1246 a
416 1173 652 1271 societatique
664 1167 818 1266 fugiam?
841 1175 882 1244 St'
897 1173 1068 1259 ascendero·
1082 1179 1261 1265 inceium,

193 1295 236 1348 tet
250 1270 315 1348 tlltc
330 1295 383 1361 es,·
399 1273 616 1370 fidesccndcte
631 1279 669 1342 in
683 1273 862 1366 infernum,
889 1273 927 1348 ὁ·
942 1274 1078 1344 iliades.
1128 1277 1264 1364 Sisten-

192 1375 260 1466 fiero
275 1395 399 1472 perimas
422 1398 503 1446 meac
524 1390 602 1445 ante
625 1375 742 1454 ducem,
779 1372 821 1449 (5.
842 1373 1030 1468 habitavero
1051 1379 1089 1443 in
1097 1377 1262 1472 'postremis

193 1481 311 1549 maris:
349 1483 467 1548 etenim
482 1476 554 1544 illuc
571 1497 685 1546 monus
705 1491 763 1546 tea
782 1474 904 1546 deducet
921 1497 989 1562 me,
1014 1474 1052 1548 (t
1072 1478 1192 1547 tenebit
1212 1505 1261 1552 me

193 1579 323 1648 dextera
344 1591 413 1651 tua.
464 1573 596 1649 Nullus
619 1574 692 1648 fine
717 1575 826 1668 Deo,
859 1593 977 1664 neque
1000 1577 1091 1648 ullus
1118 1596 1195 1649 non
1221 1581 1260 1654 in

192 1671 278 1750 Deo
304 1678 409 1760 locus
433 1673 495 1750 est.
526 1673 586 1747 'In
608 1677 702 1747 caelia
719 1671 802 1767 sest,
836 1675 874 1744 in
900 1675 1043 1772 inferno
1059 1674 1130 1767 est,
1163 1679 1260 1753 ultra

190 1777 301 1850 maria
320 1775 381 1851 est.
432 1773 702 1869 lnestinterior,
728 1774 1054 1848 exceditexterior.
1106 1775 1260 1855 ltacunr

191 1877 325 1968 hahet,
363 1891 471 1969 atque
490 1875 664 1967 habetur;
690 1897 809 1970 neque
828 1875 873 1948 in
882 1876 1003 1966 aliquo
1020 1872 1110 1970 ipsc,
1136 1898 1259 1971 neque

189 1997 268 2052 non
288 1976 586 2051 inomnibusest.
661 2007 666 2016 ·
955 2027 971 2042 ··
1032 2031 1034 2035 -

267 2099 300 2166 7.
328 2077 581 2173 Quamquami
608 2075 679 2148 itur
705 2075 850 2168 optime
865 2073 970 2168 hujus
984 2088 1091 2167 atque
1105 2075 1259 2172 inexpli-

189 2177 314 2250 cabilis
330 2099 680 2272 intelligentiaeansu
693 2176 828 2248 animus
836 2175 1022 2270 gauderet,
1049 2177 1147 2265 quod
1161 2176 1258 2252 hanc

185 2278 223 2350 in
250 2290 400 2366 parente
422 2275 484 2347 suo
509 2276 731 2348 &creatore
760 2273 935 2348 immensu·
949 2277 1157 2348 {eternitatis
1174 2276 1257 2350 infr·

184 2377 337 2449 nitatem
355 2389 611 2463 veneratorum
644 2389 764 2446 tamen
775 2373 898 2447 'studio
918 2374 1033 2448 adhuc
1053 2376 1254 2450 intentiore

184 2473 294 2568 ipsam
314 2476 409 2548 illam
427 2473 558 2552 infiniti
576 2475 745 2546 &aeterni
756 2474 908 2548 Domini
928 2474 975 2548 sui
994 2476 1143 2569 speciem
1160 2497 1256 2566 qum·

184 2577 311 2668 rebat,
354 2591 396 2646 ut
415 2575 754 2667 incircumscriptam
779 2575 1046 2650 immensitatem
1072 2578 1109 2650 in
1131 2579 1254 2668 aliquo

184 2679 318 2771 pulcrae
336 2676 582 2770 intelligentiae
598 2674 668 2748 else
690 2677 900 2767 opinaretur
919 2691 1061 2751 ornatu.
1113 2677 1153 2750 In
1176 2681 1252 2769 qui-

181 2777 249 2849 bus
275 2798 356 2848 cum
382 2775 547 2872 religiosa
564 2797 666 2850 mens
689 2777 782 2850 iutra
797 2778 1048 2851 imbecillitatis
1074 2775 1141 2850 suae
1161 2799 1252 2851 con-

181 2877 390 2947 cluderetur
412 2899 596 2968 errorem,
631 2878 729 2950 hunc
748 2879 793 2949 de
806 2878 890 2950 Deo
910 2879 1157 2970 pulcherrime
1174 2880 1249 2951 sen·

183 2977 307 3047 tentiae
327 2975 475 3046 modum
491 2977 715 3068 propheticis
737 2979 890 3048 vocibus
914 2978 1167 3070 apprehendit:
1198 2983 1250 3074 De

179 3079 402 3166 magnitudine
417 3081 500 3144 enim
517 3097 676 3170 σμήνη,-
696 3075 735 3150 (7
752 3078 991 3172 pulchritudine
1004 3095 1247 3168 creaturarum,

178 3175 399 3272 eoumquenter
418 3180 657 3269 generationum
681 3180 822 3246 conditor
844 3177 1039 3268 conspuitur.
1093 3180 1248 3274 Magno·

178 3293 258 3347 rum
277 3291 422 3346 creator
437 3279 472 3347 in
489 3276 648 3348 maximis
666 3274 737 3367 est,
770 3273 1140 3367 &pulcherrimorum
1158 3300 1248 3352 con·

178 3373 278 3447 ditor
297 3375 333 3446 in
355 3377 603 3468 pulcherrimis
618 3373 679 3449 est.
729 3371 868 3447 Etcum
881 3374 1013 3449 sensum
1025 3377 1134 3469 ipsum
1146 3400 1247 3474 egre·

178 3473 296 3546 diatar
311 3478 502 3569 operatio,
529 3497 673 3549 ornnem
691 3490 810 3555 tamen
828 3473 962 3551 sensum
979 3479 1089 3574 longe
1104 3477 1246 3553 neceffe

107 3571 116 3586 ⁶
177 3573 230 3649 est
250 3575 412 3662 excedat*
428 3589 614 3668 operator.
666 3574 857 3649 Pulchrum
878 3577 999 3668 itaque
1020 3582 1164 3671 culum,
1200 3603 1246 3652 ae·

174 3677 277 3763 thet,
306 3687 423 3768 terra,
449 3678 571 3768 maria,
599 3675 859 3750 &uniuerlitas
883 3680 999 3751 omnis
1015 3678 1078 3770 cll,
1106 3701 1244 3770 quncx

174 3787 307 3848 ornatu
332 3772 417 3856 suo,
452 3791 494 3847 ut
516 3779 622 3850 etiam
644 3775 778 3847 Graecis
797 3781 935 3869 placet,
972 3782 1076 3875 digne
1089 3807 1243 3873 κοσμος,

172 3874 210 3950 id
226 3871 291 3965 est,
315 3876 469 3946 mundus
490 3878 688 3970 nuncupati
704 3877 861 3952 videtur.
912 3877 1243 3972 Sedlrhancipl'am

172 3991 293 4050 rerum
318 3977 619 4068 pulchritudinem
641 3979 691 4047 ita
714 3975 829 4050 sensus
852 3981 1008 4051 naturali.
1022 3983 1170 4053 metitur
1189 3983 1244 4054 in·

173 4077 324 4164 illudio,
366 4089 407 4144 ut
424 4077 528 4145 etiam
552 4077 587 4146 in
606 4079 834 4166 quarumdam
855 4079 1047 4155 volucrum
1069 4101 1110 4151 ac
1130 4103 1242 4172 pecu·

171 4178 257 4250 dum
284 4175 414 4277 accidit
443 4173 578 4268 specie,
615 4191 654 4244 ut
678 4176 759 4246 dum
782 4176 872 4248 infra
893 4174 1101 4252 sententiam
1118 4178 1239 4252 sermo

170 4275 246 4374 est,
283 4273 401 4358 sensus
429 4288 549 4352 tamen
570 4273 738 4374 idipsum
761 4277 966 4377 intelligens
985 4301 1061 4355 non
1086 4279 1236 4366 eloqua-

703 4415 706 4420 ·
1100 4391 1180 4469 tur3
