2742 4959
411 703 415 712 ,
507 613 844 697 scurnum·
1001 619 1200 700 ‘cxxxrx

85 875 87 882 Ι
130 782 244 866 tilitas
263 777 466 890 imputaria
487 778 616 856 &non
631 778 717 868 inde
731 779 991 875 multopotiua
1007 783 1199 879 multoque
1286 784 1290 803 '

129 903 361 982 reverentius
374 897 575 1002 honorarii
586 901 613 944 “
637 896 714 993 lpse
729 895 828 995 epist.
845 919 879 990 ς.
894 899 1051 998 ingenue
1059 903 1199 982 confes·

131 1024 192 1100 sur
217 1019 287 1126 sese
310 1020 349 1095 in
372 1022 418 1095 iia
438 1019 546 1096 librir-
559 1021 768 1115 quumplupa
781 1018 980 1116 invenisse,
1018 1045 1097 1116 quae
1117 1046 1196 1106 non

135 1157 297 1238 caperet,
322 1143 386 1216 vel
404 1143 455 1216 ob
474 1139 729 1218 obscuritatem
746 1140 932 1236 semoris,
961 1146 1023 1218 vel
1035 1147 1085 1219 ub
1099 1166 1198 1221 men·

131 1265 323 1340 dofitatem
345 1261 503 1350 codicia3
538 1281 580 1334 rc
607 1261 744 1336 rursum
767 1262 803 1335 in
825 1262 893 1338 alia
905 1260 1084 1359 incidisse,
1119 1285 1217 1358 quc¹

130 1399 286 1482 propter
298 1381 352 1457 sui
372 1381 624 1474 aliquantulam
644 1383 849 1457 novitatem
863 1402 940 1458 non
957 1380 1038 1456 satir
1055 1363 1213 1479 prame-f'

131 1520 239 1582 runt:
259 1505 411 1603 primum
429 1493 638 1577 asen'tcrrtia
653 1500 803 1576 ferenda
814 1498 885 1578 sese
896 1500 1070 1598 sustinuit,
1096 1528 1197 1602 „ne‚

129 1624 271 1719 inquit,
309 1639 446 1699 temere
463 1624 632 1699 damnant
653 1645 717 1717 ea,
753 1624 791 1697 in
812 1624 942 1717 quibus
958 1627 1098 1699 cecitas
1118 1631 1200 1704 mea

134 1743 315 1844 offendit,
344 1747 425 1838 jure
444 1743 590 1838 perdam
609 1757 750 1833 cetera,
786 1766 864 1840 quc
879 1765 979 1820 meur
994 1744 1199 1820 intelletiur

130 1877 322 1959 utcunque
342 1863 677 1957 comprehenditr“
713 1878 790 1938 tum
819 1886 898 1958 quae
918 1867 1106 1959 percipere
1130 1869 1202 1960 pri·

128 2006 232 2064 mum
248 2005 326 2057 non
342 1985 521 2073 valuerat,
546 1984 735 2056 attentiori
749 1982 904 2059 let'tionc
917 1984 988 2059 sese
1005 1983 1201 2064 assecutum

130 2104 206 2180 esse
224 2106 382 2178 declarat
394 2105 431 2178 in
446 2103 721 2177 buntmodumt
746 2156 775 2197 „
785 2100 838 2179 Ea
852 2101 925 2198 ipsa
940 2104 1046 2201 igitur
1055 2104 1204 2218 dfligen·

131 2228 207 2300 tius
220 2225 398 2321 relegens,
423 2222 568 2298 tandem
584 2221 779 2299 mihivisua
793 2224 867 2301 sum
881 2225 1058 2319 brente,
1086 2226 1204 2318 cuiun·

130 2346 236 2426 modi
252 2343 389 2420 sensum
405 2344 593 2419 videretur
605 2346 748 2420 illorum
767 2344 964 2420 obscuritas
980 2346 1135 2442 operire.
1149 2349 1179 2391 “

370 2578 477 2650 Dubia
503 2579 631 2652 Hilarii
654 2578 695 2656 (5
718 2579 827 2676 spuria
850 2585 978 2677 scripta.
997 2609 1007 2645 s
1192 2675 1196 2686 ι

240 2695 410 2796 Epistulam
434 2699 474 2770 ari
497 2701 615 2772 Abram
631 2701 739 2791 filiam
764 2714 1017 2794 augumentum
1046 2700 1203 2778 hominis

137 2808 259 2892 otiose
284 2817 419 2893 indosti
451 2833 566 2891 vocat
590 2816 783 2914 Erasmus,
816 2819 990 2894 Gillotiur
1012 2817 1151 2906 scribit,
1183 2843 1205 2898 a

135 2937 345 3014 Fortunato
367 2939 428 3013 srbi
444 2938 559 3011 videri
575 2935 790 3030 consistam
815 2941 924 3034 idque
940 2958 1020 3014 eum
1032 2941 1206 3018 veriffimc

136 3057 306 3152 scripsisse
322 3058 503 3133 scultetus
518 3058 704 3134 asseverat.
759 3059 812 3132 At
823 3060 1029 3135 Fortunato
1040 3059 1117 3153 ipsr,
1144 3063 1207 3153 qui

138 3182 236 3254 illius
253 3179 287 3255 sc
307 3179 382 3254 non
396 3179 616 3276 authorem,
641 3177 701 3253 sed
723 3178 849 3256 testem
865 3178 975 3272 facit,
1002 3178 1206 3260 fidemnon

141 3287 429 3395 deircitandam,
463 3301 594 3374 metito
620 3299 766 3374 censent
785 3302 961 3393 aequiores
983 3320 1102 3375 rerum
1122 3305 1208 3379 aesti-

140 3437 314 3500 matores.
365 3420 744 3512 Nonenimcredunt,
770 3418 1210 3499 &Pttbvensrsucctenae

140 3543 330 3618 Praesulem
350 3543 560 3634 mentitum,
593 3563 673 3616 cum
695 3563 772 3614 earn
795 3544 941 3636 propria
956 3541 1083 3616 Hilarii
1099 3565 1209 3620 manu

142 3662 373 3757 subscriptam
389 3662 447 3736 sua
467 3675 573 3736 aetate
591 3661 746 3736 Piiiavis
761 3683 828 3755 pro
849 3682 996 3737 munere
1020 3662 1211 3740 conserva·

144 3801 219 3861 tarn
242 3785 312 3860 esse
336 3784 484 3858 testatus
509 3780 571 3857 est.
591 3785 595 3794 '
619 3779 751 3875 Longe
762 3784 879 3857 minua
896 3783 1042 3858 veritati
1059 3785 1210 3862 consen·

144 3918 291 3982 tantum
309 3904 382 3999 est,
409 3921 451 3977 ut
472 3926 554 3981 cum
576 3905 766 4000 genuinam
789 3903 915 3978 Hilarii
934 3903 1117 3999 epistolam
1138 3927 1212 4002 prae

143 4027 310 4104 manibus
325 4025 487 4117 haberet,
513 4046 555 4098 ea
572 4020 749 4118 suppressa
770 4024 1003 4100 adulterinam
1020 4024 1212 4120 supposuee

143 4148 206 4223 rit.
224 4165 227 4176 ·
255 4145 292 4221 Si
310 4143 394 4237 quid
415 4161 532 4222 autern
548 4145 585 4219 in
599 4142 751 4234 summa,
778 4164 882 4236 quam
897 4168 942 4220 ex
962 4168 1003 4219 ea
1018 4146 1209 4239 exprimit,

146 4269 260 4370 paulo
281 4268 384 4344 aliter
410 4268 595 4363 enuntiat,
631 4286 737 4362 quam
758 4265 796 4340 in
815 4266 876 4342 illa
897 4266 1130 4355 continetur,
1164 4286 1212 4344 eo

1087 4383 1165 4485 ipso
