2742 4959
409 659 840 742 ·.Scnr'rrn.
1146 685 1210 744 ω

132 801 261 906 tuerit.
314 821 482 918 Denique
502 809 1060 920 cumpraefat.rnrt1.testatur,
1086 827 1208 918 „rnul-

133 961 196 1026 tu's
220 950 284 1022 vol
307 945 469 1044 praesenti
492 943 676 1039 sermone,
709 945 771 1018 vel
796 965 842 1018 ex
858 942 987 1018 litteris
1010 967 1052 1018 ae
1067 946 1206 1043 scriptia

130 1088 267 1146 eorum
287 1069 447 1164 comperi
462 1069 513 1141 ita
525 1063 674 1157 senfiffe,
702 1062 761 1139 sed
778 1064 814 1139 id
832 1082 901 1138 nec
920 1066 1048 1160 modo,
1074 1089 1207 1160 necta·

131 1191 243 1266 tinne
254 1187 493 1290 durtieredru
505 1187 535 1284 “.
549 1183 630 1258 satir
643 1179 816 1281 significat
828 1181 1206 1264 seseinobscurirtex·

132 1327 196 1386 tur
213 1305 303 1382 sacri
318 1309 411 1382 locis
426 1327 502 1381 non
520 1308 624 1380 unius
640 1303 824 1402 Origenir,
853 1301 958 1380 sed&
968 1309 1205 1401 plurimorum

129 1432 290 1524 aliorum
316 1424 538 1524 pervolville
560 1424 710 1526 seripta,
746 1427 857 1503 immo
883 1427 990 1502 etiam
1014 1427 1204 1526 familiare·

127 1533 218 1629 suos
235 1545 459 1641 consuluisse,
485 1547 644 1640 nihilque
656 1566 682 1634 ¹a
697 1546 947 1641 quoquamuifi
959 1549 1057 1642 prior
1069 1572 1203 1650 expen-

124 1671 208 1748 sum
227 1689 271 1744 ac
293 1663 694 1763 probarumrecepille.·
750 1670 752 1675 '

236 1787 292 1864 Ex
315 1791 380 1881 iis,
421 1787 548 1880 quibua
575 1785 734 1862 Hilarius
758 1783 979 1863 familiariter
1004 1785 1200 1886 utebatur,

89 1915 94 1934 ¹
126 1929 300 2008 quosque
319 1907 482 2002 presenti
504 1905 667 1983 sermone
690 1904 922 1999 consulebat,
958 1904 1202 1988 Heliodorum

125 2031 393 2122 Presbyterum
410 2026 622 2102 nominatim
635 2043 813 2102 memorat
825 2026 1086 2122 Hieronymus,
1112 2031 1203 2106 eain

119 2173 172 2226 -re
189 2149 291 2224 testis
312 2149 477 2225 idoneus.
527 2145 582 2219 At
604 2143 720 2220 eidem
737 2143 884 2221 subinde
900 2145 1074 2222 Hilarium
1094 2170 1203 2242 quan·

127 2275 212 2348 dam
245 2282 384 2344 tantum
410 2285 603 2366 graecarum
630 2265 832 2344 litterurum
863 2268 1020 2343 aurulam
1050 2271 1200 2369 cepilse,

127 2393 291 2482 ideoque
316 2391 360 2462 ab
382 2388 455 2463 hoc
475 2387 704 2481 Heliodoro,
742 2408 819 2480 quo
842 2409 887 2462 ex
906 2387 1075 2488 Origenir
1098 2392 1198 2492 distis

131 2513 334 2608 intelligere
353 2529 417 2601 per
439 2507 474 2582 se
492 2529 568 2582 non
585 2492 769 2604 poterat,
787 2528 946 2601 querere
964 2505 1129 2605 solitum,
1156 2533 1200 2587 ac

129 2631 187 2708 bia
206 2629 400 2724 deceptum
424 2625 494 2704 else
511 2625 720 2722 affirmanti,
752 2623 860 2703 fidem
878 2644 986 2726 negat
1004 2629 1198 2723 Erasmur3

129 2749 386 2845 „Praesertim‚
412 2749 542 2842 inquit,
569 2767 649 2820 cum
664 2744 715 2839 id,
742 2747 841 2837 quod
854 2746 975 2840 affert,
1003 2749 1089 2822 nihil
1104 2751 1200 2828 allud

127 2891 237 2964 quam
252 2871 431 2944 divinatio
442 2870 494 2944 fit.
546 2861 601 2940 Ut
613 2866 708 2938 enirn
723 2866 844 2941 obiter
853 2869 1122 2961 patrocinemur
1133 2871 1200 2947 Hi·

128 2992 244 3083 lario,
278 2992 364 3063 mibi
385 3010 461 3061 non
481 2983 525 3061 fit
544 2986 756 3081 verisimile,
792 2989 912 3063 virum
930 3003 1067 3064 tantum
1084 3011 1200 3086 usque

129 3110 225 3184 areo
244 3107 564 3200 turrecremata,
590 3120 632 3179 ut
646 3087 901 3182 inenarranda
918 3109 1048 3183 divinis
1067 3113 1198 3189 tuteris

129 3245 233 3304 totus
255 3231 467 3323 pependerit
491 3248 536 3300 ex
561 3228 679 3300 alieno
691 3228 847 3319 judicio:
881 3250 949 3302 nec
965 3230 1057 3302 adeo
1072 3234 1198 3310 rudem

130 3371 254 3448 graecae
267 3353 489 3441 litteratura,
513 3359 646 3421 utnon
663 3349 828 3438 potuerit
842 3341 1057 3443 ipsesensum
1071 3353 1198 3448 depre-

128 3451 303 3562 bendere,
329 3467 520 3564 presertim
535 3471 572 3541 in
581 3466 753 3564 Origene,
778 3470 877 3564 cujus
892 3467 1007 3544 sermo
1020 3476 1196 3568 mireper·

128 3589 278 3686 spicuur'
302 3588 363 3663 est.
374 3592 401 3630 “
451 3585 501 3660 Et
524 3608 617 3661 vero
641 3589 686 3661 de
709 3588 777 3661 hac
798 3586 1006 3688 origeniani
1023 3589 1195 3671 sermonis

129 3708 553 3808 perspicuitatequamvir
562 3728 675 3818 nuper
687 3704 866 3804 (Maurini
875 3712 1032 3786 editores
1041 3714 1197 3809 loquun-

130 3829 212 3929 tur)
236 3851 424 3907 nonnemo
446 3831 648 3904 convenire
668 3830 842 3914 noluerit,
868 3851 961 3928 egre
981 3847 1100 3909 tamen
1115 3837 1195 3928 quir

131 3953 286 4026 animum
311 3951 476 4043 inducat,
509 3948 686 4026 Hilarium
704 3949 858 4026 maxime
872 3951 955 4046 post
975 3954 1128 4028 reditum
1148 3953 1193 4028 ab
1213 3989 1215 3994 ·

129 4071 240 4156 exilio
258 4071 310 4144 ita
322 4071 358 4143 in
376 4071 492 4167 lingua
506 4091 621 4169 greca
634 4072 791 4147 tironem
809 4068 925 4168 fuisse,
951 4089 992 4146 ut
1010 4071 1053 4146 ad
1066 4069 1194 4171 Orige-

129 4194 183 4266 nir
208 4191 322 4266 verba
345 4190 595 4288 intelligenda,
633 4189 747 4285 drea,
782 4179 855 4286 qur¹
869 4190 1099 4268 observatum
1119 4190 1191 4288 est,

128 4313 274 4389 ratione
287 4310 472 4408 imitanda,
492 4309 616 4410 prbrio
632 4306 786 4398 subsidio
799 4303 988 4416 indigeret.
1037 4309 1119 4386 Nec
1132 4332 1194 4388 ue-

1069 4434 1151 4536 gari
