2742 4959
152 623 264 722 ²210
391 641 428 718 8.
461 641 657 719 Hiram
688 659 748 714 ur
778 636 1058 718 Tarnirsrit
1156 645 1162 658 “

192 801 352 882 eundum
365 803 456 878 illud
472 801 546 895 jam
560 801 670 878 etiam
683 799 842 898 superius
858 816 1100 879 memoratum
1118 798 1265 890 anobl's

189 903 345 986 Domini
367 902 518 978 dissum:
551 901 667 1000 Quod
679 901 726 976 de
740 923 849 976 carne
866 902 1045 1000 nascitur,
1077 926 1166 980 caro
1186 907 1265 1002 ests

192 1004 293 1102 quod
310 1017 431 1078 autern
444 1001 491 1076 de
505 999 650 1097 spiritu,
682 1001 823 1099 spiritus
845 1002 918 1095 est,
944 1007 1027 1099 quia
1044 1005 1145 1080 Deus
1166 1004 1264 1104 spiri·

190 1121 252 1182 tris
276 1104 351 1200 est,
382 1102 474 1176 utile
496 1101 776 1178 existimavimus
800 1105 878 1178 liaec
899 1124 968 1197 pio
985 1120 1089 1199 parte
1106 1105 1265 1188 inserere

191 1202 476 1301 comparationis
499 1205 683 1298 exempla:
724 1225 773 1279 ne
796 1206 940 1280 mentiri
970 1206 1016 1278 de
1043 1206 1264 1299 profeffione

190 1305 253 1384 sua
276 1303 561 1397 existimaretur,
588 1323 670 1379 cuni
691 1303 823 1380 divina
840 1306 948 1379 nobis
965 1307 1194 1399 professionis
1213 1313 1262 1385 in·

187 1405 269 1483 telii
295 1404 428 1480 entiam
447 1425 495 1480 ex
512 1401 636 1500 aliquo
650 1407 827 1483 annualia
841 1419 1083 1484 creaturarum
1098 1399 1263 1508 exempla

333 1518 450 1590 enta
1006 1535 1013 1556 ·

188 1527 215 1610 p
268 1626 327 1702 31.
351 1603 469 1704 Igitur
496 1621 545 1680 ex
568 1604 726 1681 vivente
748 1605 883 1680 vivens
904 1603 977 1680 Dei
1001 1604 1119 1702 filius,
1155 1604 1188 1682 di
1212 1627 1266 1686 ex

185 1703 275 1786 neo
289 1706 415 1801 oeus,
441 1683 907 1803 anamaeinseplrasins,
932 1721 1041 1800 atque
1056 1707 1261 1788 insinnare

186 1809 381 1902 unitatem,
406 1803 720 1882 &sacramentum
738 1805 939 1881 nrtivitatis
954 1806 1166 1902 ostendens,
1194 1810 1263 1884 aits

190 1909 260 2006 Ego
273 1904 314 1987 ὅ
334 1911 434 1980 Pater
448 1905 682 2008 saumsirmio.
731 1904 784 1981 Et
797 1906 1065 1999 quiscilumnii
1080 1907 1165 1983 dieii
1179 1923 1262 2006 tam·
1298 1867 1299 1952 l

189 2027 298 2106 quam
308 2005 497 2084 insolentis
513 2003 717 2096 exnterem
742 2005 1192 2101 uteonscientiampotius
1204 2031 1262 2084 nr·

188 2122 282 2186 tirrae
310 2106 574 2184 demonstraret
594 2104 765 2202 inditio,
801 2103 970 2200 subiecit:
1006 2111 1154 2197 Dicitis,
1188 2114 1262 2207 quir

184 2210 425 2305 blasphemavi,
458 2211 609 2306 qvoniam
622 2209 713 2283 lixi:
753 2209 859 2278 mlius
881 2211 947 2280 Dei
960 2209 1051 2296 sum,
1085 2207 1262 2286 unitatem
1298 2231 1299 2270 l

184 2323 326 2386 naturae
346 2330 391 2383 err
408 2307 602 2381 nativitate
616 2305 686 2382 else
701 2304 921 2382 contestans.
971 2306 1026 2381 At
1039 2328 1134 2381 vero
1150 2321 1191 2382 ut
1202 2331 1259 2384 na·
1298 2307 1299 2400 ξ

187 2409 344 2483 tivitatis
358 2405 467 2483 fidem
483 2405 654 2502 profeffio
669 2403 1015 2500 absolutafirmaret‚
1042 2429 1112 2483 nec
1127 2421 1265 2483 natura
1297 2403 1299 2492 l

189 2521 312 2585 tamen
329 2506 479 2582 afferret
496 2508 670 2582 nativitas
690 2505 848 2602 professa
866 2507 1058 2602 dissidium,
1093 2510 1187 2584 hanc
1207 2523 1263 2583 to·
1297 2495 1299 2544 ⁸

189 2611 262 2684 tius
287 2607 529 2704 responsionis
555 2603 624 2682 suae
646 2607 765 2683 tenuit
789 2607 1073 2684 absolutionem:
1112 2611 1264 2710 Operibus

188 2713 328 2806 credite,
360 2714 510 2809 quoniam
528 2712 621 2783 Pater
642 2712 681 2781 in
701 2732 765 2797 mr,
802 2706 843 2787 &¹
861 2734 909 2804 ega
929 2717 966 2779 in
992 2713 1101 2782 Parve.
1161 2709 1263 2812 Quid

185 2811 249 2888 hic
268 2832 348 2885 non
368 2813 533 2887 naturale
547 2831 590 2883 ac
607 2812 795 2904 proprium
810 2807 872 2882 sub
889 2808 1110 2883 sacramento
1127 2813 1260 2884 nativi·

187 2914 273 2986 tatis
291 2910 472 2990 ostensum
486 2909 565 2985 est?
589 2908 714 2985 Insunt
726 2909 788 2984 sibi
805 2909 985 3003 invicem,
1012 2911 1096 2984 dum
1114 2931 1191 2984 non
1209 2910 1260 2986 est

185 3011 252 3088 nisi
270 3032 317 3085 ex
335 3010 442 3085 Patre
453 3010 646 3102 nativitas,
674 3011 758 3083 dum
770 3012 807 3083 in
824 3009 944 3085 Deum
962 3012 1112 3085 alterum
1129 3027 1257 3084 natura

187 3113 252 3185 vel
275 3112 458 3205 exterior,
493 3111 556 3184 vel
579 3110 743 3184 dissimilis
760 3132 836 3183 non
851 3110 1018 3196 subsistit,
1054 3112 1138 3185 dum
1156 3111 1261 3190 Deus

187 3231 235 3285 ex
259 3209 346 3283 Deo
371 3231 520 3286 manens
546 3230 624 3283 non
652 3209 704 3282 est
731 3210 894 3305 aliunde,
932 3212 1032 3304 quod
1063 3211 1167 3286 Deus
1195 3210 1258 3287 est.

181 3307 284 3387 inser
310 3311 424 3406 duos,
461 3312 488 3387 si
509 3310 652 3384 occaso
674 3322 799 3406 patet,
835 3308 918 3385 fidei
943 3310 1111 3385 Ecclesiae
1133 3310 1259 3387 Deos:

186 3423 250 3484 aut
268 3409 463 3486 solitarium
478 3410 600 3486 Deum
614 3411 677 3483 vel
693 3409 777 3484 falsa
800 3409 921 3488 saltem
933 3414 1087 3488 mentire
1102 3411 1260 3486 rationes

182 3507 335 3602 Filium,
366 3512 544 3606 sipotes,
571 3534 592 3586 a
614 3508 721 3584 Patre
739 3512 875 3604 absque
888 3516 1088 3588 nativitatis
1114 3525 1260 3592 tantum

183 3609 344 3685 confessa
359 3613 519 3690 veritate
536 3611 708 3688 discerne.
758 3609 869 3686 Filius
888 3614 925 3685 in
940 3613 1047 3687 Patre
1064 3611 1136 3706 est,
1172 3611 1206 3686 u
1223 3614 1260 3687 in

179 3707 277 3786 Filio
303 3709 433 3801 Pater,
467 3735 545 3790 non
576 3736 642 3807 per
668 3713 942 3788 transfusionem
963 3713 1256 3804 refusionemque

178 3827 364 3907 mutuam,
394 3813 454 3887 sed
469 3836 534 3908 per
550 3816 713 3889 viventis
726 3830 862 3888 naturae
874 3812 1068 3906 persediam
1085 3815 1255 3890 nativita-

178 3924 270 3989 tem.
321 3911 375 3986 lta
398 3914 434 3986 in
456 3914 542 3989 Deo
563 3932 691 4011 patre,
726 3916 759 3989 dr
778 3915 911 3988 inDeo
928 3912 1142 4007 {illoneque
1161 3914 1257 3990 duos

178 4013 462 4090 ,connumerabis
478 4015 605 4109 Deos,
645 4018 727 4110 quia
749 4037 860 4090 unum
879 4031 1033 4110 uterque
1049 4016 1152 4106 sunt;
1193 4035 1257 4088 ne·

183 4131 256 4206 que
276 4114 488 4212 singularem
514 4117 745 4209 praedicabis,
779 4118 861 4208 quia
886 4134 1041 4210 uterque
1062 4138 1139 4191 non
1159 4134 1261 4191 unus

182 4211 245 4290 est.
297 4213 390 4289 Non
415 4217 526 4291 habet
544 4220 651 4315 igitur
672 4213 762 4291 fides
788 4215 985 4312 apostolica
1007 4220 1099 4294 duos
1123 4214 1257 4315 Deos,

168 4314 257 4412 ruia
273 4335 351 4402 nec
371 4316 468 4406 duos
486 4333 609 4428 patres
621 4318 774 4417 lrabeat,
796 4340 867 4403 uec
886 4320 979 4400 duos
996 4313 1259 4498 filiosfflions
