2742 4959
724 190 831 295 pm

204 649 254 726 60
409 633 447 723 δ’.
474 643 671 740 Hierum
702 664 761 721 oe
790 641 1065 726 Tn1u1snss

198 812 255 905 sed
269 811 471 906 uoluntatem
487 814 573 908 ejus,
598 812 655 906 qui
672 833 720 879 me
738 808 832 904 misr.
883 805 975 883 Non
995 809 1093 902 quod
1111 811 1207 888 nolit
1226 810 1267 890 ’ἃ

203 913 284 1005 ille,
318 911 416 1004 quod
437 907 574 996 faciat3'
599 908 660 984 sed
682 908 924 983 obedientiam
941 908 1035 984 suam
1050 907 1112 984 sub
1133 909 1264 988 effeuu

203 1027 363 1107 paternae
376 1009 577 1084 voluntatis
597 1007 766 1103 ostendit,
792 1010 924 1083 volens
944 1009 1016 1103 ipse
1033 1014 1263 1092 voluntatem

203 1111 318 1188 Patria
335 1113 491 1205 explere.
542 1107 632 1181 Erat
645 1123 764 1183 autem
783 1110 861 1182 haec
876 1107 1069 1185 efficiendae
1093 1114 1263 1190 volunta·

202 1214 250 1286 tis
265 1214 449 1312 ¹voluntas,
475 1212 577 1304 cujus
590 1207 663 1303 ipse
681 1209 778 1283 testis
798 1207 849 1283 est
864 1210 1005 1284 dicens:
1033 1214 1143 1291 Pater,
1167 1218 1262 1290 uenit

201 1417 237 1486 a·
262 1311 1264 1508 1-:r‘institistissinistimus-litii

114 1577 123 1590 ,
201 1516 256 1586 det
267 1517 295 1583 ei
311 1515 415 1583 viram
429 1527 589 1586 aternam.
642 1515 717 1582 Huc
731 1511 770 1609 eft
785 1527 889 1582 auram
903 1515 977 1581 uita
992 1528 1122 1597 etanta,
1148 1529 1189 1583 ut
1200 1539 1265 1610 cog·

201 1612 331 1703 noscant
348 1629 380 1683 re
389 1612 492 1702 fissum
504 1615 609 1684 Duum
620 1633 747 1702 unum,
772 1609 812 1686 U
826 1636 915 1709 quem
928 1611 1031 1709 mififli
1043 1612 1156 1707 Jesum
1168 1614 1263 1685 Chri·

92 1733 95 1738 ·
200 1715 289 1805 dum.
342 1713 406 1806 Ego
421 1729 452 1788 te
467 1713 642 1802 clarificavi
651 1715 747 1805 super
764 1730 903 1791 terram,
934 1733 1020 1807 opere
1033 1713 1261 1805 consummato,

200 1815 282 1916 quod
301 1814 407 1912 dedisti
421 1814 524 1900 mihi,
549 1809 730 1903 ursacium,
784 1812 832 1884 Et
846 1835 934 1882 nunc
950 1813 1088 1906 clariflm
1102 1839 1150 1885 rue
1164 1818 1261 1888 Pater

200 1916 283 2014 apud
300 1915 494 2009 temetipsum
506 1911 666 1996 claritate,
691 1935 782 2011 quam
799 1912 909 1990 habui,
929 1918 1115 2012 priusquam
1124 1915 1262 1989 mundus

137 2045 144 2067 ¹
200 2014 291 2111 effit,
315 2015 397 2111 apud
411 2031 454 2094 re.
505 2011 723 2107 Muniseflavi
735 2038 848 2085 nomen
866 2030 954 2083 tuum
969 2014 1159 2106 hominibus,
1185 2040 1261 2117 quas

199 2116 307 2212 dedisse·
320 2117 411 2185 mihi.
460 2113 594 2190 Verbis
609 2113 781 2187 brevibus
796 2114 829 2186 u
845 2115 966 2208 paucis
981 2133 1089 2187 omne
1101 2135 1193 2210 opus
1205 2115 1263 2191 os·

198 2215 274 2292 ficii
287 2213 338 2286 sui
354 2213 388 2284 dt
404 2210 669 2306 dispensationis
688 2213 874 2305 exposuit,
906 2212 1020 2287 nihilo
1040 2215 1156 2288 minus
1176 2213 1261 2289 fidei

199 2316 391 2387 veritatem
413 2309 599 2383 adversum
621 2333 766 2386 omnem
785 2310 1051 2405 inspirationem
1073 2313 1261 2387 diabolicae

197 2411 446 2490 fraudolentiae
469 2413 729 2483 communiens.
780 2409 969 2487 Curramus
995 2432 1082 2508 ergo
1109 2425 1172 2508 per
1193 2412 1262 2490 fin.

198 2516 298 2612 gulas
319 2511 487 2586 sermonis
511 2510 560 2582 sui
575 2511 743 2585 virtutes.

278 2635 334 2689 10.
359 2613 445 2684 Ait:
481 2614 595 2698 Pater,
629 2616 723 2681 versit
742 2611 836 2692 bora,
868 2613 1120 2706 clarificafilium
1138 2630 1258 2708 tuum,

197 2731 238 2788 ur
259 2717 353 2806 fiii-s
385 2730 459 2784 auus
480 2712 631 2804 ciarificu
653 2726 695 2783 ra.
744 2708 834 2784 Non
857 2712 970 2804 diem,
996 2735 1072 2786 non
1091 2730 1258 2808 tempus,

196 2814 257 2888 sed
272 2818 398 2889 horam
408 2810 542 2885 venisse
557 2811 653 2886 dicit.
706 2810 748 2886 In
764 2813 855 2886 hora
870 2812 938 2886 diui
952 2815 1076 2905 portio
1094 2812 1155 2892 est.
1207 2812 1257 2886 Et

197 2937 277 3006 quae
295 2918 370 2988 haec
389 2915 458 2985 erit
474 2910 590 2986 hora?
623 2909 767 3002 Nempe
788 2912 866 3002 tila,
893 2914 937 2987 de
953 2916 1071 3006 quain
1088 2929 1255 3007 tempore

194 3014 359 3109 passionis
377 3013 566 3104 discipulos
581 3008 798 3084 confirmans
814 3014 959 3087 locutus
977 3012 1047 3087 est:
1073 3011 1256 3088 Eccevema

193 3115 287 3201 hora,
313 3129 352 3184 ut
361 3116 455 3204 filius
469 3114 603 3180 hominis
623 3107 822 3198 clarificetur.
874 3113 962 3186 Haec
977 3134 1065 3210 ergo
1081 3114 1174 3188 hora
1190 3114 1255 3209 est,

195 3214 234 3287 in
251 3211 369 3303 quase
390 3234 409 3284 a
424 3209 528 3282 Patre
545 3205 730 3281 clarificari
746 3224 849 3304 orat,
881 3229 921 3286 ut
936 3213 1076 3288 Patrem
1095 3212 1168 3305 ipse
1187 3219 1256 3287 cla·

194 3310 324 3387 rihtet.
374 3309 443 3383 Sed
466 3307 620 3402 quidest
640 3306 758 3382 istud?
786 3309 981 3385 clarificari
994 3311 1028 3386 se
1045 3311 1255 3387 clarificatu-

193 3432 255 3484 rus
274 3409 471 3504 exspectat,
499 3409 730 3483 &honorem
751 3411 954 3486 redditurus
976 3411 1190 3506 expostulat,
1219 3414 1255 3487 da

194 3527 279 3608 eget
296 3514 389 3605 hoc,
414 3510 513 3604 quod
532 3507 665 3584 rusrsum
688 3509 894 3603 impertiat?
922 3510 970 3587 Et
985 3514 1043 3585 hic
1060 3526 1258 3587 occurrant

192 3611 355 3705 sophistae
373 3611 518 3703 mundi,
551 3608 775 3704 &sapientes
795 3610 962 3706 Graeciae,
995 3612 1254 3708 &syllogismis

192 3710 262 3787 suis
286 3714 474 3786 veritatem
490 3710 663 3784 irretiant.
715 3712 917 3811 Quomodo
937 3713 1094 3799 &unde
1123 3713 1252 3804 &quid

190 3811 257 3904 fit,
284 3826 459 3902 quaerant:
486 3811 614 3885 &cum
631 3808 828 3905 hauserint,
854 3812 1013 3885 audiant:
1041 3813 1252 3913 Quiastulta

190 3912 314 3988 mundi
337 3912 444 4007 elegit
465 3911 577 3984 Deus.
629 3906 728 4007 Ergo
745 3933 810 4004 per
827 3910 1008 3986 stultitiam
1026 3912 1183 3987 nostram
1199 3915 1254 3986 in·

190 4015 390 4110 telligamus
409 4010 679 4106 inintelligibilia
693 4009 905 4104 sapientibus
915 4012 1047 4088 mundi.
1099 4013 1252 4087 Dixerat

188 4111 391 4188 Dominus:
423 4114 538 4192 Pater,
564 4112 772 4182 penitiora:
799 4114 925 4186 horam
946 4113 1110 4205 paffionis
1132 4112 1252 4188 osten·

188 4213 311 4302 derat3
336 4233 417 4288 nam
433 4211 508 4287 haec
524 4207 584 4282 sub
599 4225 787 4285 momento
801 4235 848 4286 eo
858 4214 1092 4305 loquebatur:
1120 4214 1253 4288 deinde

187 4314 335 4410 adjecit:
374 4310 639 4410 clarificajilium
660 4326 763 4386 tuum.
812 4310 883 4389 Sed
913 4313 1100 4407 quomodo
1121 4311 1249 4484 edlarifi·

1061 4432 1128 4489 can
1153 4432 1196 4485 us

409 4693 519 4725 Α
