2742 4959
233 493 243 524 l

518 658 735 739 Lrnnu
784 659 829 735 X.
933 671 938 688 ··
1138 681 1209 759 371

140 810 258 926 posto
282 821 343 919 qui
370 821 535 901 humana
557 821 738 900 inusitatis
764 841 869 898 error
893 821 968 919 est,
995 821 1041 899 de
1055 821 1211 901 resurre-

141 923 263 1004 ctione
276 927 351 1020 ejus
361 926 622 1002 litesmovere:
649 945 730 1000 curn
741 922 888 999 sufficiat
899 925 943 998 ad
957 928 1083 1017 vitam,
1109 926 1209 1017 quod

141 1052 163 1103 a
182 1026 268 1102 nso
289 1021 472 1124 suscitatus
486 1023 529 1098 sat
548 1022 759 1100 credidisset
784 1024 826 1098 ln
845 1023 1068 1118 simplicitate
1084 1025 1208 1117 itaque

139 1123 232 1202 fides
251 1120 317 1219 est,
341 1122 379 1197 in
399 1119 472 1196 fide
481 1123 615 1219 justitia
639 1123 705 1218 est,
728 1125 766 1198 in
783 1125 1005 1210 conscffione
1016 1126 1130 1220 pietas
1144 1125 1207 1209 est.

140 1224 233 1306 Non
257 1242 324 1318 per
345 1220 506 1298 difficiles
530 1243 599 1298 nos
620 1223 723 1298 Deus
746 1222 790 1298 ad
813 1224 953 1314 beatam
977 1227 1090 1298 'vitam
1112 1245 1207 1316 quae·

138 1325 274 1400 ffiones
289 1337 426 1407 vocat,
449 1342 520 1397 nec
534 1323 723 1418 multiplici
740 1324 945 1416 eloquentis
960 1324 1207 1419 sacundiage·

138 1444 229 1501 nera
242 1419 422 1501 sollicitat.
475 1421 517 1496 In
534 1421 701 1497 absoluto
717 1423 851 1515 nobis,¹
873 1445 916 1497 ac
934 1424 1029 1497 sacili
1043 1423 1093 1497 esi
1104 1438 1207 1499 aeter·

138 1526 256 1623 nitas,
275 1521 404 1696 desum
424 1520 459 1597 n
479 1519 678 1598 suscitatum
699 1523 885 1598 amortuis
901 1542 967 1615 per
985 1523 1207 1621 Deumcre·
1262 1604 1264 1610 ,

138 1623 249 1719 dere,
326 1620 438 1717 ipsun
459 1618 529 1696 esse
549 1620 746 1698 Dominum
769 1620 950 1698 confiteri.
1001 1621 1125 1696 Nemo
1138 1625 1206 1697 ita·

138 1745 210 1818 que
228 1743 285 1816 aa,
311 1742 388 1813 qun
403 1722 454 1797 ob
471 1721 737 1822 ignorationem
754 1722 910 1798 nostram
927 1718 1017 1795 diiia
1036 1721 1131 1815 sinit,
1159 1723 1205 1796 ad

138 1822 367 1906 occasionem
393 1822 662 1920 irreligiositatis
689 1821 846 1915 usurpet.
921 1821 1205 1920 eognoscendus

137 1919 342 2017 enimjesus
356 1918 516 1995 Christus
529 1938 695 1996 mortuus
711 1935 801 2011 erat,
828 1935 870 1995 ut
880 1919 972 1996 ineo
981 1924 1204 1999 viveremus.

158 2073 160 2078 -
213 2040 274 2114 71.
298 2019 336 2096 Si
363 2019 486 2113 itaque
509 2020 554 2095 ad
579 2020 853 2116 intelligentiam
885 2017 1012 2095 mortis
1039 2020 1107 2096 suae
1133 2022 1203 2095 ait:

139 2124 242 2202 neus,
269 2123 360 2193 Deus
378 2142 474 2209 meus,
500 2143 599 2220 quare
615 2146 663 2191 me
678 2115 888 2218 dereliquisti}
917 2118 963 2210 dt,
992 2124 1102 2214 Pater,
1124 2146 1206 2190 com·

135 2222 296 2296 mendoln
308 2244 425 2292 manus
439 2221 670 2319 conspiritum
685 2244 806 2306 neuma
831 2220 1002 2313 numquid
1013 2221 1205 2296 consesso-

137 2321 177 2395 ni
191 2318 322 2395 nostra
337 2317 552 2414 consulens,
576 2318 755 2396 infirmum
774 2318 810 2393 se
831 2318 900 2394 esse
920 2322 1042 2413 potius
1066 2318 1206 2395 confes·

134 2418 192 2495 sus
208 2419 279 2515 esi,
314 2437 419 2513 quarn
432 2440 501 2495 nos
517 2422 703 2518 ambiguos
720 2441 798 2495 non
812 2420 983 2515 reliquit?
1015 2418 1204 2494 Excitatu-

135 2539 197 2595 rus
213 2541 367 2613 namque
379 2518 554 2597 Lazarum
569 2534 650 2594 orat
664 2521 708 2595 ad
725 2520 884 2595 Patrem:
909 2523 1080 2613 numquid
1093 2543 1205 2614 prece

135 2622 236 2718 eguit
254 2617 394 2695 dicens:
424 2624 539 2707 Pater,
560 2627 683 2714 gratias
697 2646 757 2714 ago
777 2621 854 2708 rili,
879 2627 954 2716 quia
970 2621 1122 2716 exaudisti
1135 2645 1202 2690 me:

135 2720 177 2797 U
192 2743 240 2814 ego
254 2718 396 2810 sciebam,
408 2725 497 2818 'quia
507 2720 626 2814 semper
644 2721 849 2805 mactandis,
867 2719 923 2810 sed
932 2737 1063 2815 propter
1076 2721 1203 2792 turbant

136 2822 228 2914 diui,
254 2834 293 2889 ut
308 2819 459 2908 credant,
485 2824 564 2915 quia
578 2834 614 2887 tu
633 2842 681 2888 me
696 2815 824 2914 mififlis
849 2811 970 2910 Nobis
988 2821 1110 2911 itaque
1120 2840 1203 2893 ora·

99 2953 102 2962 ·
135 2922 214 3012 uit,
238 2938 286 2992 ne
301 2912 418 2990 filiusi
468 2930 651 2990 oraretur:
678 2917 809 2990 &cum
830 2916 892 2989 srbi
910 2937 985 2990 non
1001 2917 1201 3013 proliceret
1264 2918 1273 2934 '

134 3016 402 3110 deprecationis
438 3037 564 3106 ermo,
599 3017 641 3090 ad
658 3015 858 3110 profestum
875 3032 992 3091 tamen
1010 3018 1140 3091 nostrae
1160 3017 1202 3092 fi·
1282 3098 1286 3107 ,

135 3118 193 3193 dei
208 3116 436 3208 loquebatur.
488 3115 579 3211 Non
593 3117 699 3211 inops
713 3137 801 3213 ergo
815 3132 889 3190 tum
909 3119 1028 3191 auxilii
1043 3116 1112 3192 est:
1139 3117 1201 3193 sed
1294 3161 1297 3176 =

136 3238 205 3291 nos
218 3217 334 3292 sumus
350 3217 480 3310 inopes
493 3214 674 3293 dotlrinae.
727 3214 921 3290 Clarificari
934 3216 969 3291 se
981 3238 1127 3310 quoqne
1139 3219 1202 3293 de·

134 3332 325 3412 precatur,
359 3336 402 3390 ac
416 3337 502 3389 mox
522 3317 567 3391 de
587 3318 677 3390 caelo
693 3338 771 3389 vox
792 3316 861 3390 Dei
876 3320 986 3407 patris
1001 3316 1200 3392 clarifican-

134 3421 182 3490 tis
206 3417 358 3492 auditur.
409 3413 478 3489 Sed
499 3417 542 3490 ad
565 3417 693 3491 auditae
711 3418 817 3489 vocis
839 3416 1107 3491 admirationem
1128 3420 1198 3493 ait:

136 3522 217 3590 Non
235 3534 363 3615 propter
375 3541 433 3614 ,ms
453 3521 547 3589 venit
560 3542 625 3588 vox
640 3518 718 3614 isla,
745 3516 798 3605 sed
810 3530 938 3613 propter
956 3541 1023 3592 vus.
1075 3518 1198 3593 Nobis

134 3614 240 3690 Pater
252 3630 423 3713 rogatur,
449 3618 557 3690 nobit
574 3617 679 3692 Pater
697 3616 876 3709 loquitur:
902 3629 1021 3690 totum
1044 3616 1087 3690 ad
1110 3617 1199 3692 effe·

134 3714 228 3789 atum
249 3711 293 3788 fit
311 3715 440 3792 nostra
463 3716 704 3791 consessionis.
754 3713 804 3787 Et
828 3736 909 3791 cum
929 3714 1198 3791 clarificationis

135 3812 318 3909 responsio
337 3835 414 3890 nnn
431 3816 673 3891 obsecrationi
693 3816 864 3889 claritatis
878 3816 920 3890 srt
936 3816 1114 3910 impensa,
1136 3815 1198 3892 sed

131 3914 355 4010 ignorationi
373 3915 615 4006 audientium
649 3916 838 4006 quomodo
854 3918 998 4009 querela
1012 3916 1197 4009 passionis,

130 4015 171 4087 in
189 4011 320 4087 summa
339 4015 564 4091 exultatione
578 4015 758 4109 patiendi,
785 4037 862 4090 non
880 4015 1110 4092 consessionis
1130 4036 1199 4090 no·

129 4115 211 4189 strae
227 4111 419 4188 eruditioni
436 4114 843 4212 prestitaintelligetnrl
871 4114 1027 4191 Christus
1038 4135 1105 4209 pro
1117 4136 1197 4206 per·

131 4213 360 4306 sequentibus
371 4229 490 4310 rogat,
517 4219 611 4307 qnia,
637 4218 870 4311 quodagunt,
895 4214 1068 4291 nesciunt.
1095 4212 1197 4288 Chri·

132 4311 269 4390 iiuada
291 4335 399 4391 crrrce
412 4314 607 4413 paradisum
622 4317 821 4414 promittit,
843 4312 1042 4410 quianam
1056 4301 1211 4403 regnat(

595 4412 670 4496 Aa
693 4426 731 4498 2⁸
1001 4405 1185 4484 cunnus
1292 4481 1299 4490 .
