2742 4959
176 679 247 735 uvt
517 631 911 735 nuaram
987 667 1001 708 Χ

183 833 259 896 tres
274 819 402 915 libros,
428 819 520 914 quos
535 817 723 911 habemus,
748 815 812 891 sdb
827 819 936 892 titulo
955 837 1082 893 eorum
1091 807 1253 911 unidun·

183 951 286 1018 taxat
307 940 554 1014 conveniente
572 938 895 1032 comprehendilse,
920 953 983 1013 aut
998 941 1137 1035 potius,
1164 943 1255 1017 licut

87 1042 96 1056 ⁶
167 1060 221 1136 dt
236 1063 347 1138 multa
366 1062 456 1153 alia,
483 1057 682 1134 confudisse
704 1058 775 1133 dici
798 1058 930 1155 potest.
988 1058 1121 1153 Neque
1141 1064 1256 1139 ullum

183 1182 265 1260 fere
280 1181 427 1255 dubium
450 1179 523 1275 est,
551 1182 636 1273 quin
652 1180 902 1274 Hieronymus
923 1179 1075 1275 librum,
1103 1183 1162 1274 qni
1186 1198 1258 1256 ter·

184 1305 242 1378 tio
256 1306 343 1376 loco
364 1300 569 1393 exhibetur,
598 1315 728 1375 contra
743 1299 1083 1375 Constantiumvita
1096 1301 1258 1378 sunbium

185 1403 330 1499 dixerit.
382 1419 635 1516 Fragmentum
660 1437 816 1495 autema
837 1419 1051 1501 Caelestino,
1083 1421 1258 1495 &Arno-

185 1544 252 1620 bio
279 1554 541 1636 memoratum,
579 1543 705 1617 Hilarii
728 1544 865 1618 calamo
888 1543 921 1616 dt
942 1545 1089 1641 ingenio
1113 1537 1258 1636 prorsus

185 1659 483 1755 consentaneum,
509 1661 655 1736 videtur
673 1664 717 1737 ad
734 1684 810 1739 eam
826 1664 929 1758 primi
943 1665 1022 1737 libri
1031 1675 1169 1758 partem
1178 1679 1259 1755 per·

185 1767 327 1877 tinere,
354 1802 431 1872 quae
450 1779 634 1856 manifeste
650 1783 796 1876 mutila,
821 1799 929 1877 atque
947 1798 1112 1859 truncata
1127 1781 1188 1857 est.

291 1904 478 2002 Quantum
501 1921 598 1977 nunt
620 1902 663 1975 ad
685 1909 823 2000 primum
838 1906 972 1976 libellum
993 1906 1030 1979 in
1049 1904 1166 1999 specie
1180 1901 1261 1975 atti·

187 2036 276 2119 net,
304 2023 450 2096 videtur
469 2025 544 2116 ejus
567 2019 742 2097 scribendi
761 2025 905 2100 occasio
923 2047 969 2099 ex
992 2024 1190 2100 Constantii
1205 2025 1263 2096 lit·

188 2148 278 2220 teris
296 2159 391 2218 nata.
444 2142 536 2219 Cum
556 2145 650 2218 enim
671 2165 767 2218 anno
788 2169 871 2239 355.
887 2145 977 2221 teste
993 2145 1185 2223 Ammiano
1198 2144 1261 2217 lib.

192 2272 253 2341 16.
274 2264 484 2354 frequenter
501 2265 613 2340 elsent
629 2269 664 2340 in
685 2268 818 2341 Gallias
833 2267 1073 2341 Barbarorum
1092 2264 1262 2356 incursio·

191 2405 283 2477 nes,
310 2399 463 2476 propter
483 2407 570 2479 quas
587 2387 829 2480 reprimendas
849 2387 1008 2482 Julianus
1023 2386 1152 2461 eodem
1165 2404 1261 2459 anno

192 2519 353 2582 exeunte
371 2503 484 2578 Caesar
502 2521 642 2580 creatus
662 2508 735 2600 est,
759 2507 949 2582 verifimile
964 2505 1037 2598 est,
1063 2503 1266 2580 Constanti·

193 2648 256 2701 um
278 2624 465 2700 Gallorum
488 2627 618 2702 diffidia
635 2627 873 2702 &seditiones
886 2628 1042 2699 veritum
1056 2626 1098 2700 ad
1117 2622 1266 2698 eosdem

194 2746 379 2843 scripsisse,
407 2763 481 2840 quo
496 2770 561 2822 eos
580 2750 618 2821 in
629 2747 752 2822 officio
767 2750 985 2821 contineret.
1036 2746 1152 2820 Immo
1168 2763 1266 2816 com-

195 2885 308 2944 motae
330 2867 515 2941 seditionis
535 2867 770 2962 suspicionem
784 2870 856 2962 jam
871 2868 933 2941 sibi
949 2868 991 2939 ab
1013 2866 1187 2960 improbis
1213 2861 1267 2935 su·

195 2988 408 3063 surronibus
436 2986 601 3078 injeriam
637 3012 716 3063 eum
746 2989 859 3062 Gallis
882 2986 1086 3084 fignificalse
1111 2988 1268 3059 innuunt

81 3083 91 3100 ”
195 3108 275 3183 haec
291 3114 325 3201 §.
350 3130 382 3182 2.
403 3111 535 3181 verba:
563 3108 692 3201 „Non
708 3111 892 3198 quisquam
909 3105 1113 3199 perversus,
1140 3121 1201 3179 aut
1216 3107 1268 3179 in-

183 3209 306 3302 'vidus
330 3230 482 3324 maligna
509 3232 697 3321 loquatur:
735 3229 832 3300 nulla
856 3227 997 3318 quidem
1022 3224 1170 3319 suspicio
1193 3225 1267 3317 est,

196 3331 276 3426 non
290 3347 402 3421 modo
423 3347 630 3442 seditionis,
662 3349 721 3423 sed
734 3370 803 3421 nec
819 3346 948 3440 asperto
964 3347 1267 3421 obmurmuratio·

196 3470 267 3547 nis.
328 3473 463 3568 Quieta
488 3470 568 3543 sunt
587 3471 707 3543 omnia
727 3470 761 3542 dt
778 3468 996 3542 verecunda.
1048 3465 1189 3559 „Hanc
1204 3465 1269 3561 igi·

198 3604 261 3674 tur
278 3590 590 3683 opportunitatem
607 3589 729 3663 nasius
742 3590 897 3662 Hilarius
913 3592 992 3681 plus
1011 3589 1053 3660 ab
1069 3585 1212 3660 Arianis
1227 3588 1270 3658 ti·

199 3710 370 3788 mendum
389 3704 571 3799 rescribit,
594 3728 625 3790 ‚a
646 3709 773 3799 quibus
792 3712 1047 3803 perturbantur
1062 3709 1201 3782 omnia:
1235 3707 1270 3781 bt

201 3830 248 3905 ab
265 3830 307 3901 iis
329 3829 426 3901 illata
443 3826 612 3903 Ecclesris
632 3829 723 3902 mala
745 3830 852 3903 enixe
872 3829 1097 3923 deprecatur.

303 3946 474 4022 Ceterum
496 3950 594 4042 quod
618 3948 720 4043 supra
741 3963 880 4026 tanturn
895 3950 988 4043 quasr
1004 3971 1069 4043 per
1086 3947 1270 4023 tranfitum

96 4163 101 4171 Ι
201 4067 274 4142 fuit
297 4068 514 4163 indicatum,
549 4073 726 4144 nonnulla
746 4071 782 4145 in
804 4071 876 4145 hoc
897 4072 1015 4164 primo
1040 4073 1134 4145 libro
1152 4063 1269 4140 deesse

199 4189 274 4281 iam
293 4188 531 4263 adverterunt
550 4191 701 4283 eruditi,
729 4191 761 4265 dr
777 4189 1001 4287 perspicuum
1016 4191 1067 4266 est
1083 4191 1139 4261 vel
1155 4209 1199 4259 ex
1214 4187 1269 4259 his

203 4305 236 4403 b.
250 4329 283 4401 7.
300 4312 443 4403 verbis:
470 4362 499 4405 „
510 4309 687 4387 Moveret
703 4314 797 4389 enim
812 4307 1271 4406 absolutionemejus“dtc.

1129 4433 1222 4536 Quae
