2742 4959
426 577 681 678 ⁴errart
729 598 802 679 Vl.
995 661 998 668 .
1093 624 1165 701 155

172 788 229 845 ar.
257 764 319 842 Ab
338 765 394 841 his
415 781 508 863 ego,
546 773 771 858 quaeteneo,
806 757 956 838 edostne
973 761 1072 859 sum,
1106 767 1164 844 hie

89 867 405 949 immedicabiliter
414 865 572 940 imbutus
581 861 667 940 sum.
717 858 1166 961 Etignosceomnipotena

91 976 215 1062 Deus,
241 970 321 1064 quia
335 968 372 1040 in
390 967 444 1041 his
461 985 532 1039 nec
545 964 727 1040 emendari
743 961 906 1057 polium,
932 964 967 1038 dr
986 972 1167 1046 commori

89 1070 250 1169 polium.
299 1063 421 1141 Tarde
441 1066 528 1142 mihi
547 1065 616 1140 hos
636 1065 875 1158 impiiffimoa,
907 1077 1078 1157 quantum
1094 1090 1166 1165 ego

95 1172 275 1248 arbitror,
310 1165 480 1241 doctores
502 1179 588 1241 aetas
614 1164 720 1258 huJ‘ur
745 1183 843 1240 nunc
862 1162 979 1238 saculi
999 1172 1166 1260 protulit.

95 1273 191 1345 Sero
217 1269 287 1344 hos
310 1266 437 1342 habuit
460 1262 551 1341 fides
578 1286 678 1355 mea,
711 1284 816 1356 quam
832 1276 874 1340 tu
890 1265 1059 1360 erudisti,
1094 1291 1168 1343 ma·

93 1370 238 1469 gistroe.
289 1366 460 1442 lnauditis
476 1386 546 1463 ego
560 1365 616 1440 hia
632 1366 838 1441 nominibus
857 1365 894 1437 in
908 1379 946 1439 te
956 1366 1005 1441 ita
1014 1368 1166 1463 credidi,

96 1492 163 1569 per
183 1485 221 1545 te
243 1469 295 1543 ita
308 1461 567 1557 renatuast1m3
593 1465 772 1540 &exinde
785 1477 868 1538 tuus
879 1465 930 1558 ita
942 1463 1027 1543 sum.
1078 1467 1169 1544 Om-

95 1572 326 1666 nipotentem
350 1583 388 1641 te
404 1564 503 1661 scio,
528 1585 599 1643 nec
616 1564 767 1641 conscia
791 1565 856 1639 tibi
876 1579 1030 1659 tanturn,
1057 1581 1169 1661 atque

95 1672 159 1769 ipsr
181 1670 384 1767 Unigenito
415 1681 483 1741 tuo
510 1666 711 1744 nativitatis
733 1664 979 1741 inenarranda
999 1667 1171 1761 exspecto

99 1772 293 1844 rationem.
344 1763 560 1863 Ir'npossibile
572 1767 751 1867 enimtibi
765 1766 853 1841 nihil
870 1764 935 1860 est,
960 1765 1174 1865 &genitum

100 1894 120 1944 a
144 1886 183 1943 te
207 1867 322 1944 filium
344 1869 620 1962 omnipotentiae
646 1883 717 1943 tuae
743 1868 884 1953 virtute
907 1886 985 1938 non
1010 1870 1170 1965 ambigo.

99 1969 425 2067 Ambigensenim
449 1968 522 2058 J'ant
536 1966 829 2059 omnipotentem
844 1978 882 2040 te
893 1966 1048 2064 negabo.
1098 1967 1175 2040 Bo·

98 2092 187 2145 num
211 2083 248 2143 te
273 2067 381 2141 etiam
403 2088 448 2142 ex
472 2065 665 2141 nativitate
685 2087 766 2140 mea
780 2064 906 2139 didici:
943 2079 1051 2155 atque
1065 2066 1116 2139 ob
1134 2067 1177 2142 id

100 2191 180 2244 non
196 2168 359 2241 invidum
375 2180 413 2241 te
430 2172 616 2242 bonorum
633 2177 781 2242 tuorum
793 2166 832 2241 in
845 2164 1035 2264 Unigeniti
1051 2167 1104 2239 tui
1114 2188 1179 2241 na·
1203 2231 1205 2236 .

102 2269 249 2342 tivitate
268 2266 338 2342 effe
354 2264 519 2345 confido.
571 2262 694 2342 Credo
716 2266 833 2370 enim,
860 2266 980 2361 quod,
1007 2287 1085 2360 quae
1110 2283 1176 2343 tua

99 2372 203 2461 sunt,
232 2368 308 2461 ejus
325 2366 409 2457 smt3
438 2365 485 2460 a,
508 2386 589 2457 quae
604 2368 679 2462 ejus
699 2365 792 2458 sunt,
817 2378 881 2440 tua
897 2366 974 2442 sint.
1025 2366 1174 2461 Sapien-

102 2484 176 2543 tem
191 2488 228 2542 te
245 2468 330 2543 mihi
348 2468 457 2544 etiarn
476 2463 549 2562 insa
566 2467 691 2541 mnndi
709 2467 849 2541 creatio
867 2467 1044 2559 prodidit:
1066 2467 1176 2560 ¹Sapi-

99 2572 234 2645 entiam
250 2583 288 2642 te
311 2582 430 2660 tuam,
455 2587 535 2644 non
553 2566 761 2657 diffimilem,
784 2588 831 2641 ex
851 2580 890 2639 te
906 2564 1065 2662 genuisse
1085 2567 1176 2641 mihi

101 2670 267 2743 conscius
286 2667 371 2745 sum.
424 2668 526 2762 Vere
546 2663 580 2740 a
598 2687 690 2742 unus
708 2665 797 2739 mihi
810 2666 905 2738 Deus
924 2685 982 2738 es:
1015 2664 1075 2736 sed
1096 2687 1178 2742 non

101 2769 198 2843 aliud
216 2769 253 2842 in
273 2790 340 2861 eo,
367 2766 428 2858 qui
446 2788 491 2839 err
511 2763 725 2854 tonantii,
751 2764 896 2838 credam
916 2761 1040 2856 incise,
1068 2785 1179 2856 quam

99 2884 204 2943 tuum
229 2867 292 2941 est.
345 2864 394 2939 Et
415 2867 451 2938 in
472 2884 520 2939 eo
543 2872 602 2937 rn'e
622 2863 765 2956 judica,
796 2861 930 2937 simini
946 2863 1082 2938 crimen
1098 2864 1175 2959 est,

98 2969 250 3043 nimium
268 2987 327 3041 me
345 2984 409 3058 per
429 2963 559 3038 Filium
573 2975 676 3048 tuum
695 2960 833 3062 delegi,
858 2957 1115 3060 &prophetia
1140 2964 1178 3040 dc

99 3065 294 3163 Apostolir
311 3059 508 3168 credidiss'c.

178 3186 234 3240 aa.
260 3165 331 3240 Sed
343 3161 453 3255 cesset
464 3160 582 3238 sermo
592 3160 818 3256 temerarius,
845 3159 1023 3259 acerbis,
1048 3165 1180 3257 inqua

103 3264 390 3341 demomnandae
404 3262 562 3340 stultitia
575 3261 755 3340 heretica
770 3262 977 3343 neceffitate
999 3285 1180 3361 prorupe-

103 3382 175 3460 rat,
200 3367 239 3441 in
250 3363 444 3455 reddenda
454 3363 579 3459 potius
589 3363 743 3438 rationis
758 3361 991 3441 ministerium
1011 3366 1179 3441 decedat:

103 3482 168 3559 ut,
193 3467 219 3541 sr
243 3467 304 3559 qui
319 3467 438 3541 adhuc
454 3462 543 3538 salvi
558 3460 629 3539 effe
643 3461 812 3558 potsunt,
838 3460 883 3537 ad
898 3461 1008 3541 fidem
1026 3478 1182 3562 teneant

105 3568 324 3662 evangelica
342 3564 533 3659 doctrinae,
567 3577 677 3657 atque
697 3560 906 3658 apostolica
924 3564 1015 3660 iter,
1048 3587 1092 3640 ac
1112 3589 1179 3641 ve·

104 3684 188 3738 rurn
213 3667 276 3738 Dei
297 3664 410 3742 filium
424 3685 503 3742 non
518 3661 800 3762 exemptione,
833 3660 895 3738 sed
917 3685 964 3746 ex
976 3679 1104 3741 natura
1123 3667 1180 3742 in·

105 3762 282 3860 telligant.
332 3765 442 3841 Hanc
466 3761 825 3860 enim'responsronis
845 3764 976 3843 nostrae
990 3763 1061 3841 effe
1081 3768 1187 3844 ordi.

106 3885 190 3946 nem
206 3865 404 3958 convenit,
428 3877 472 3938 ut
486 3865 640 3960 primum
654 3863 720 3937 Dei
736 3857 933 3962 filiumess'e
946 3866 1175 3952 doceamus:

106 3982 149 4040 ut
163 3980 292 4039 natura
308 3965 346 4037 in
364 3985 411 4039 eo
426 3962 648 4057 divinitatis,
674 3981 740 4058 per
757 3963 857 4056 quod
873 3963 965 4043 filius
981 3968 1048 4061 est,
1074 3967 1178 4042 abso-

107 4068 184 4141 luta
209 4064 264 4140 fit.
313 4063 355 4139 ld
375 4063 470 4140 enim
496 4066 651 4142 maxime
673 4063 834 4160 haerefis,
871 4066 918 4142 de
941 4090 1010 4163 qua
1033 4068 1177 4164 agitur,

107 4168 294 4257 elaborat,
316 4185 366 4239 ne
383 4164 555 4241 Dominus
568 4162 692 4240 noster
708 4160 809 4261 Jesus
833 4161 993 4248 Christus
1010 4186 1100 4241 vere
1112 4170 1179 4243 ssei

108 4263 203 4344 filius
225 4268 323 4375 litus
349 4285 458 4345 verus
481 4264 537 4342 fit
595 4266 696 4343 Vere
718 4265 783 4341 Dei
807 4261 922 4347 filium
953 4269 1179 4363 unigenitum

903 4390 911 4400 ·
1015 4371 1130 4446 Deum

773 4594 788 4634 S
