2742 4959
129 184 1299 444 a

190 655 304 717 exure
523 597 948 708 &Haesura

191 815 307 895 nato,
331 815 373 872 ac
387 796 540 872 multum
556 794 706 868 exculto
721 792 924 888 conscripta
939 792 996 870 frt:
1024 794 1123 888 quod
1133 799 1266 878 mirum

194 946 273 1005 non
290 919 362 1010 est,
386 913 593 1008 hujusmodi
609 914 705 988 enim
722 914 895 1006 loquendi
912 934 1023 1010 genus
1037 914 1196 1008 epistole
1209 918 1266 992 1111

193 1040 385 1143 congruit,
418 1055 495 1127 que
511 1035 550 1108 in
562 1031 800 1110 ecclesiastico
820 1050 1010 1110 conventu
1028 1035 1071 1110 ad
1089 1038 1265 1130 plurimo·

190 1186 273 1244 rum
292 1157 531 1237 eruditionem
547 1155 734 1254 legende..

179 1347 193 1356 ..
224 1361 227 1366 ,
295 1280 442 1358 Humile
456 1275 633 1350 scribendi
652 1281 766 1375 genus
778 1279 956 1354 interdum
969 1280 1007 1353 in
1025 1275 1184 1372 epistolis
1194 1275 1266 1356 suit

130 1459 134 1466 ,
191 1401 421 1506 persecutum
442 1393 544 1471 fuisse
564 1399 763 1493 Hilarium,
793 1401 907 1475 tradit
931 1400 985 1474 bis
1004 1398 1126 1473 verbis
1147 1398 1264 1478 Baro·

129 1583 133 1590 ,
190 1528 290 1620 nius,
305 1521 360 1596 de
380 1515 529 1613 epistola
541 1519 668 1594 Hilarii
686 1520 731 1594 ad
745 1517 851 1595 filiam
866 1523 1020 1612 loquens
1039 1521 1082 1594 ad
1101 1539 1157 1595 an.
1179 1541 1264 1613 355.

190 1667 232 1728 n.
250 1665 329 1741 pu:
353 1639 524 1735 „Videas
534 1640 572 1714 in
587 1661 629 1714 ea
644 1642 762 1732 virum
777 1639 1029 1732 sanfllllimum,
1055 1641 1264 1733 pariterque

192 1761 517 1860 eloquentissimum
540 1757 657 1836 stilum
679 1747 780 1836 fuum
807 1774 934 1834 nature
952 1759 1136 1837 sublimem
1155 1762 1263 1838 incli-

195 1909 288 1968 nare
300 1884 449 2000 puelle,
483 1880 577 1954 dade
591 1879 762 1954 industria
777 1881 945 1956 lrumilem
962 1881 1127 1976 reddere,
1153 1898 1263 1978 etque
1298 1867 1299 1958 J

195 2002 541 2102 superfundendum
558 2001 713 2083 facilem,
737 2001 1024 2096 simplicibusque
1042 2004 1191 2102 virginis
1202 2028 1281 2097 aru-¹

194 2132 297 2216 ribus
322 2123 609 2200 accommodare.
663 2121 745 2196 lllas
769 2141 862 2196 vero
891 2120 1079 2216 epistolas,
1117 2145 1195 2218 que
1219 2128 1264 2205 cd

190 2268 281 2330 eum
297 2241 406 2318 finem
423 2240 683 2338 scribebantur,
709 2253 751 2316 ut
769 2243 807 2317 in
820 2242 1264 2323 ecclefiasticisconventi·

191 2364 425 2472 hunpubllce
441 2362 676 2460 legerentur-,2
700 2377 843 2437 ornatas
864 2361 986 2455 fuisse,
1013 2379 1121 2458 atque
1137 2370 1263 2444 excul-

194 2503 274 2586 tas,
308 2488 338 2560 is
364 2482 469 2556 facile
493 2480 686 2573 fatebitur,
725 2486 785 2574 qui
811 2484 853 2557 ad
871 2485 1076 2576 hujusmodi
1098 2487 1262 2586 litteras,
1298 2501 1299 2512 ‘

195 2607 386 2705 dequibus
402 2604 516 2695 aliqua
533 2624 622 2677 mox
640 2603 818 2696 dicemus,
844 2604 997 2680 animum
1016 2608 1194 2685 advertet.
1298 2689 1299 2702 ,

295 2726 428 2818 Neque
445 2724 694 2800 saneautlrore
710 2726 773 2798 illo
790 2724 935 2820 indigna
952 2726 1015 2821 est,
1042 2730 1087 2802 de
1103 2750 1176 2822 quo
1186 2731 1264 2805 haec
1297 2749 1299 2756 ’

194 2853 446 2939 Hieronymus
459 2846 612 2920 traditin
623 2844 721 2941 episi.
732 2845 989 2922 adPaulinum:
1017 2903 1043 2944 „
1055 2849 1088 2924 S.
1103 2848 1263 2927 Hilarius
1298 2855 1299 2936 j

193 2973 386 3054 Gallicano
405 2965 598 3042 Cothureo
623 2966 825 3059 attollitur,
851 2966 984 3042 &cum
1002 2967 1147 3045 Graeciae
1161 2972 1263 3047 flori·
1296 3053 1299 3058 ,

194 3095 265 3172 bus
285 3088 499 3172 adornetur,
518 3085 845 3182 longis-interdum
866 3090 1023 3179 periodis
1042 3092 1265 3190 involvitur,
1296 3079 1299 3178 ζ

193 3215 234 3290 dt
250 3233 270 3288 a
289 3206 445 3285 lediloue
460 3205 713 3298 simpliciorum
733 3205 881 3281 fratrum
893 3212 1022 3301 procul
1037 3211 1098 3287 esi.
1111 3216 1136 3263 ‘⁶
1188 3215 1264 3289 Ne·
1296 3213 1299 3294 s

195 3354 267 3429 quie
288 3333 324 3404 in
345 3349 387 3403 ea
407 3326 640 3401 desideramus
658 3325 875 3421 ubertatem,
902 3351 946 3402 ac
958 3332 1128 3423 nitorem,
1156 3354 1265 3423 quern
1295 3305 1299 3422 1

195 3456 236 3534 iu
255 3451 444 3526 Gallorum
465 3448 677 3542 scriptorum
700 3449 1032 3521 elucubrationibus
1059 3452 1196 3525 enitere
1212 3471 1266 3528 te·
1297 3453 1299 3536 ἔ

195 3572 307 3652 statur
326 3570 422 3646 idem
442 3568 687 3657 Hieronymus
707 3567 806 3658 epist.
831 3569 873 3642 u'd
894 3567 1087 3643 Rusticum.
1151 3570 1266 3649 Deni.
1295 3557 1299 3626 l

193 3715 270 3788 que
295 3713 341 3764 ne
364 3690 476 3762 multa
492 3688 697 3781 proferam,
730 3689 765 3760 in
781 3689 848 3760 hac
868 3687 946 3762 fane
964 3688 1112 3780 epistola
1129 3691 1164 3766 se
1181 3715 1268 3787 pro·
1297 3767 1299 3782 ,

197 3813 251 3890 dit
268 3814 312 3903 is,
340 3831 445 3901 quem
461 3807 712 3882 disettlffimum
726 3805 827 3880 fuisse
841 3811 1015 3882 evincunt
1027 3810 1087 3883 illu
1104 3815 1265 3906 ejusdem
1296 3823 1299 3922 ζ

196 3934 331 4029 pariter
355 3930 571 4020 Hieronymi
602 3930 716 4002 verba
743 3929 778 4002 in
795 3926 893 4020 epist.
924 3928 966 3998 ad
996 3928 1196 4010 Pammach.
1228 3935 1299 4010 &i

198 4052 358 4127 Oceana
384 4049 503 4143 „Nec
518 4047 720 4122 disertiores
736 4049 850 4122 fumus
867 4047 1055 4126 Hilario.“
1110 4055 1264 4147 Quippe
1297 4015 1299 4094 1

197 4175 257 4267 qui
273 4170 363 4244 teste
380 4170 438 4243 hic
456 4189 602 4260 quoque
615 4170 845 4260 Hieronymo
860 4169 898 4241 in
917 4170 1015 4264 epist.
1030 4173 1072 4246 ad
1087 4173 1265 4268 Magnum

196 4343 224 4388 „
234 4291 425 4370 duodecim
441 4290 669 4390 Quintilliani
684 4291 796 4366 libros
812 4289 846 4364 dr
860 4288 1114 4382 stilo-imitatus
1130 4292 1201 4378 est,
1230 4295 1266 4371 lu

1089 4433 1214 4493 illime-
