2742 4959
355 455 358 464 .
395 517 398 522 1
602 477 605 486 Ι
685 503 693 524 Ι
1160 487 1163 500 Ι

756 553 761 576 Ι

151 695 209 751 ιιι
488 667 526 745 S.
576 644 883 749 Hrrnnrr

152 851 197 911 ut
223 830 523 931 quemadmodum
549 830 759 910 orientales
782 809 950 932 adversor
970 834 1172 915 Anomaeos

152 947 619 1047 Constantiotuditierant,
646 955 794 1049 itaipse,
822 956 965 1049 quodin
974 961 1076 1031 votis
1086 959 1176 1055 semp

151 1076 352 1169 babuerat,
387 1071 555 1148 adversus
583 1076 779 1151 Valentem
801 1075 836 1150 dt
856 1075 1042 1152 Ursacium
1069 1080 1174 1177 benig

151 1196 349 1272 audiretur.
402 1194 629 1302 Hoceutem,
654 1195 749 1272 fislbl
758 1217 937 1289 nunquam
947 1198 1104 1293 daretur,
1131 1202 1175 1273 du

149 1319 236 1393 illoe
254 1314 399 1390 Arianae
418 1310 518 1388 seire
532 1315 657 1410 duces,
683 1317 744 1409 qui
762 1315 952 1393 Orientem
968 1314 1175 1394 Occidente:

150 1457 224 1533 que
241 1448 362 1511 totum
377 1437 678 1529 commovebant,
703 1436 1081 1522 faciledevincendos,
1108 1443 1171 1514 &l

149 1571 359 1656 peratorem
388 1552 500 1650 ipsum
527 1553 676 1628 tandem
702 1555 745 1629 ad
767 1577 892 1631 veram
913 1554 1020 1634 fidem
1043 1581 1175 1634 revoca

149 1677 237 1756 dunt
267 1675 338 1751 elle
364 1670 585 1751 confidebat.
655 1661 768 1772 Quod
791 1696 871 1750 cnm
892 1680 1093 1775 cogitaret,
1131 1678 1175 1753 fid

150 1794 416 1892 Orientalium,
451 1797 580 1888 quibus
596 1808 673 1869 turn
692 1796 781 1871 mire
804 1796 951 1871 fauebat
967 1796 1175 1873 Constantio

150 1916 350 1996 demanda
361 1917 429 1992 ein
492 1930 583 2011 erat,
607 1916 1004 2010 sedquantumlicebat,
1031 1921 1174 1993 laudan<

151 2038 188 2114 dt
207 1937 483 2133 approbanti?
503 2034 662 2111 Atvero
674 2035 886 2111 Athanasius
900 2035 1032 2130 scripsit
1043 2040 1123 2132 post
1134 2062 1174 2137 pr

152 2158 283 2235 dictam
300 2155 502 2252 synodum,
534 2158 677 2249 quando
691 2158 763 2251 jem
780 2155 952 2250 poscebat
968 2154 1134 2233 Ecclesia
1154 2183 1174 2232 n

149 2280 248 2374 litae,
274 2291 316 2350 ut
328 2276 428 2370 quod
440 2278 479 2349 in
493 2273 646 2352 totfidei
658 2276 937 2358 conseillonibus
947 2279 1115 2355 vitiosum
1128 2302 1174 2353 er:

148 2417 230 2474 non
247 2392 528 2477 dilllmularetur,
554 2394 749 2487 &quando
770 2394 842 2487 ipse
861 2399 967 2471 etiarn
983 2399 1172 2474 Hilariusn

148 2516 392 2608 diffimulavit,
417 2516 668 2609 necpepercit.
720 2514 816 2589 Tum
829 2521 923 2592 enim
933 2520 1056 2593 libello
1071 2524 1112 2595 ad
1124 2521 1174 2593 Cc

148 2637 336 2728 stantium,
373 2631 582 2729 rursumque
607 2637 700 2711 libro
725 2638 840 2709 altero
869 2638 1036 2714 adversus
1066 2643 1173 2713 eundi

148 2757 439 2856 Imperatorem,
471 2756 707 2832 formularum
728 2757 994 2836 multitudinem
1017 2762 1151 2857 palam,

151 2892 275 2975 aperte
296 2878 529 2974 improbavit.
580 2875 647 2949 His
663 2878 783 2970 itaque
799 2879 897 2952 libris
913 2897 1055 2955 mutato
1073 2883 1143 2975 jam
1164 2903 1173 2951 r

149 3018 231 3073 rum
250 2996 363 3090 statu,
397 2998 553 3072 mutavit
567 2995 704 3085 stilum,
730 3020 827 3091 non,
853 3014 894 3071 ut
910 3001 1052 3092 quidam
1069 3004 1173 3074 volur

148 3119 345 3215 pugnantia
376 3138 457 3193 cum
486 3118 552 3212 iis,
595 3135 672 3209 quae
691 3115 786 3188 libro
812 3116 857 3189 de
876 3117 1020 3211 synodis
1051 3123 1173 3194 dixera

75 3302 79 3318 ,
149 3241 299 3313 locutus
319 3235 382 3312 est.

250 3357 384 3451 Neque
405 3375 498 3430 vero
523 3374 568 3428 ex
590 3353 713 3427 uerbis
732 3353 909 3449 apologie
925 3368 1086 3447 tantum,
1113 3358 1171 3430 sed

149 3500 198 3555 ex
217 3478 371 3575 ipsomet
389 3475 542 3551 tractatu
557 3472 780 3568 perspicuum
793 3474 856 3557 est,
883 3476 1121 3550 Orientalium
1133 3499 1172 3549 cr

148 3600 315 3678 feffiones
340 3614 428 3670 tunc
445 3594 621 3688 temporis
644 3593 707 3690 ipsr
723 3614 798 3666 non
818 3594 917 3671 soille
937 3596 1051 3693 perse
1070 3599 1101 3670 dr
1120 3601 1172 3672 abi

148 3724 228 3795 lute
248 3720 431 3814 probatas.
486 3711 667 3816 Quorsum
686 3716 780 3790 enim
798 3713 828 3813 §.
850 3720 914 3811 6.,
956 3717 1164 3809 rursumque

148 3847 210 3929 ⁶5·
227 3851 299 3913 tam
313 3841 419 3913 enixe
433 3836 635 3913 obtestatus
649 3833 724 3929 est,
755 3857 802 3909 ne
826 3838 921 3935 dese
940 3856 1023 3913 ante
1044 3838 1172 3915 sermor

147 3957 493 4034 consummationem
517 3956 760 4050 judicaretur,
794 3956 857 4030 nili
879 3960 960 4050 quia
980 3981 1027 4033 ex
1054 3962 1171 4055 benigt

145 4080 510 4173 interpretationibus
531 4075 599 4152 suis
619 4076 664 4149 de
681 4075 718 4150 se
734 4074 835 4171 polle
854 4082 946 4153 male
959 4082 1110 4174 iudicari
1131 4099 1172 4171 pr

145 4197 315 4273 videret?
342 4203 461 4299 Quam
483 4199 533 4273 ob
550 4189 686 4270 causam
704 4196 740 4292 §.
760 4219 794 4290 7.
811 4196 856 4272 de
881 4200 1045 4274 formulis
1062 4222 1082 4272 a
1104 4199 1172 4271 see

144 4320 326 4414 ponendis
345 4322 414 4397 ait:
439 4318 521 4419 „ln
541 4317 669 4416 quibua
688 4315 713 4393 sr
730 4315 816 4413 quid
832 4318 964 4396 vitiose
983 4316 1093 4396 inelle
1109 4320 1171 4394 inti

1086 4440 1164 4540 ligi-
