2742 4959
305 467 312 482 <¹
903 471 909 483 Ι

177 633 259 704 aaa
363 569 366 581 Ι
519 606 557 692 8.
605 610 911 692 Hanaarn

180 739 420 858 haemonion
436 766 672 869 inscribatur,
704 774 807 864 ineo
825 787 1040 852 tamennon
1060 772 1250 853 offendero

182 896 299 973 uerba
316 896 375 970 illa
394 895 575 994 ambigua:
600 908 759 990 „natum
780 892 914 988 Deum,
940 915 1067 971 veruna
1085 893 1249 990 fillum,“

184 1036 263 1113 quae
277 1017 315 1092 in
330 1013 503 1092 Auxentii
516 1016 742 1111 expolitione
752 1014 996 1092 fraudulenter
1005 1012 1048 1088 ad
1057 1014 1251 1092 fallendum

181 1133 385 1232 ‘compofita
401 1136 555 1212 Hilarius
575 1142 610 1230 ς.
629 1159 662 1233 7.
676 1135 822 1233 retegit,
848 1155 891 1213 ac
900 1133 1142 1230 reprehendit.
1176 1133 1251 1209 De·

182 1254 270 1370 inde
288 1256 326 1328 in
345 1255 473 1330 eodem
493 1256 618 1331 libello
642 1260 753 1332 altum
776 1257 818 1332 iia
842 1256 989 1331 videtur
1007 1256 1052 1330 de
1065 1252 1199 1330 Nicaeae
1214 1258 1252 1333 in

184 1371 342 1454 Thracia
358 1373 462 1476 gestia
477 1375 675 1469 silentium,
702 1396 780 1472 quar
799 1390 939 1465 tamen,
963 1376 1017 1450 uti
1035 1395 1081 1450 ax
1099 1374 1135 1470 §.
1156 1398 1193 1468 7.
1211 1374 1253 1448 li·

185 1508 292 1590 quet,
326 1493 532 1576 Auxentiua
552 1496 597 1572 ab
616 1493 694 1596 ipso
712 1494 884 1575 sermonis
901 1497 952 1574 sui
966 1494 1122 1573 exordio
1136 1492 1252 1573 saniir

182 1611 256 1696 affe
272 1613 433 1696 restatur.
737 1623 740 1630 “

288 1733 341 1810 At
360 1738 473 1834 prima
495 1736 575 1830 illa,
608 1754 650 1811 ac
669 1736 849 1832 precipua
871 1734 1056 1814 dubitandi
1072 1721 1252 1827 ratio'jam

127 1870 132 1880 ’
185 1856 286 1942 nulla
300 1854 373 1950 est,
407 1858 469 1931 obi
484 1856 684 1932 verborum
703 1857 913 1956 ambiguitas
936 1870 1085 1952 apparet
1099 1875 1145 1932 ex
1162 1854 1253 1927 anri·

185 1963 346 2078 quiffimo
367 1974 506 2057 Codice
521 1976 641 2052 Vatia.
656 1975 830 2057 restituta.
886 1975 1014 2054 Altera
1031 1994 1147 2068 vero,
1169 1993 1253 2053 cunr

184 2120 235 2176 nx
252 2095 392 2178 diversa
407 2098 510 2174 unius
530 2096 764 2192 ejusdemque
774 2094 902 2196 synodi
915 2096 1157 2195 appellatione
1169 2083 1253 2172 nata

185 2216 252 2311 fit,
278 2215 383 2291 facile
407 2212 573 2296 solvitur.
624 2217 827 2316 Quae.enim
844 2216 1048 2297 Auxentius
1073 2213 1118 2294 ad
1136 2215 1254 2293 extol·

185 2337 329 2418 lendarn
348 2332 431 2410 fidei
448 2335 515 2414 suae
525 2335 703 2412 rationem
720 2332 1011 2430 „sexcentorum
1028 2333 1253 2412 hominun“

86 2549 88 2560 Ι
185 2456 342 2536 Arimini
359 2453 454 2550 gesta
468 2455 688 2534 mendaciter
702 2454 854 2550 jniiitat,
880 2478 923 2531 ea
934 2454 1091 2532 Hilarius
1105 2454 1148 2530 ad
1161 2476 1252 2531 earn·

186 2577 268 2656 dem
280 2575 546 2674 deprimendam
558 2572 1171 2671 NicaeaeinThraciaperpaucorum
1183 2574 1254 2654 elle

186 2698 370 2795 praedicat.
420 2696 477 2771 Re
493 2698 587 2772 enirn
604 2717 693 2772 vera
704 2694 932 2773 Ariminenfir
946 2695 1175 2773 conciliinon
1187 2699 1253 2775 alia

185 2813 298 2911 fides,
330 2816 394 2894 nis1
413 2839 489 2912 qua
505 2817 638 2896 Nicaeae
656 2817 835 2916 Bithynia
851 2815 968 2908 edita,
994 2817 1091 2893 nulla
1106 2819 1254 2912 propria

184 2936 302 3040 gesta,
335 2937 397 3018 nisi
420 2939 548 3032 quibua
569 2935 647 3013 Arii
665 2935 857 3016 senatores
880 2937 1103 3017 anathemate
1121 2936 1253 3016 feriun-

185 3069 258 3139 tur.
310 3056 406 3155 Quia
422 3069 542 3148 tamen
560 3056 715 3132 formula
728 3057 862 3135 Nicaeae
878 3061 914 3131 in
929 3055 1085 3138 Thracia
1099 3055 1191 3152 cusa,
1218 3058 1252 3136 ἅ

87 3173 93 3180 ’
186 3198 210 3260 a
229 3178 351 3274 paucis
372 3173 579 3271 llrblcripta‚
606 3174 758 3254 Arimini
779 3176 923 3258 tandem
944 3198 1009 3271 per
1023 3179 1097 3251 vim
1110 3169 1253 3258 inducta

185 3295 260 3388 esta
286 3317 362 3379 earu
383 3297 561 3389 Hilarius,
588 3316 692 3393 quam
708 3310 813 3377 antea
829 3297 962 3378 Nicaeae
978 3301 1015 3376 in
1031 3296 1187 3375 'ilnracia
1200 3298 1252 3377 di·

185 3431 307 3511 xerat,
334 3419 441 3498 eriam
465 3416 696 3498 Ariminenfia
716 3416 842 3514 synodi
859 3417 1058 3512 nuncupari
1077 3417 1253 3509 permittit

186 3537 243 3619 hla
257 3538 398 3636 uerbirr
419 3535 519 3634 „Sed
530 3535 797 3636 dnAriminensr
806 3541 947 3637 synodo
958 3535 1044 3614 nihil
1054 3534 1255 3617 dicamus.“

188 3659 333 3759 Quibus
349 3678 429 3735 cum
445 3660 611 3751 proximo
629 3660 789 3752 adjiciatr
814 3715 842 3756 ‚‚
855 3664 947 3762 Quae
963 3659 1006 3736 ab
1024 3657 1190 3734 omnibus
1204 3660 1256 3740 est

187 3776 354 3878 religiose
376 3778 562 3859 dissoluta:
577 3780 604 3828 “
630 3801 672 3858 ra
690 3782 796 3861 etiam
818 3779 962 3858 ratione
986 3775 1160 3856 Auxentii
1174 3800 1257 3862 cau.

131 3911 139 3928 “
187 3897 259 3984 sana
277 3895 366 3982 'nihil
378 3901 497 3992 juvari
515 3900 595 3982 uos
611 3898 779 3986 ostendit.
816 3959 823 3975 ,

288 4017 413 4113 ltaque
433 4043 478 4101 ex
496 4020 630 4117 duplici
647 4021 713 4103 illo
730 4018 870 4116 capito,
896 4039 942 4096 ox
961 4038 1035 4112 quo
1055 4017 1182 4099 dubim
1201 4022 1257 4096 vi·

88 4174 98 4189 .
189 4139 342 4222 dabatur
365 4138 539 4226 Auxentii
563 4143 728 4236 libellum
759 4140 1009 4224 nunocartiua
1032 4127 1257 4225 cinomiam

188 4257 685 4374 &tarnadamoonvaniunn
718 4260 958 4371 loroquippa
971 4259 1255 4348 versutorhomo

633 4431 637 4439 ·
1145 4380 1207 4464 illo

403 4665 492 4687 ι
