2742 4959
474 649 694 728 aaran
743 585 825 730 V..
1063 601 1162 749 '1⁸27

92 842 225 932 perum
243 819 355 893 Deum
373 816 540 911 deneges.
590 811 765 889 Prolessio
780 814 874 892 enim
888 827 949 889 tua
960 813 1166 908 leputatur

91 926 177 1020 pia,
212 920 310 1012 quod
326 913 644 1013 magis-impiaesta
677 915 725 1014 file
746 935 853 1008 vera,
881 917 978 1008 quod
996 914 1077 990 falla
1098 918 1163 996 est.·
1257 928 1259 933 ’

92 1022 157 1096 Sic
175 1044 195 1095 a
212 1037 249 1093 te
264 1040 375 1109 unus,
402 1016 563 1091 &verua
580 1017 671 1088 ilaus
689 1014 924 1120 praedicatur,
951 1032 1086 1089 utnon
1108 1017 1162 1096 stt.

91 1122 217 1219 Negas
230 1123 325 1194 enim
333 1120 395 1192 Dei
410 1113 521 1189 filium
537 1118 648 1189 ileum
660 1135 802 1194 verum,
817 1135 908 1190 'cum
920 1130 1039 1190 tamen
1050 1120 1163 1195 Deum

91 1244 172 1298 non
187 1242 316 1317 neges3
344 1221 456 1292 Deum
471 1232 682 1290 tamennon
700 1230 826 1288 natura
839 1212 1075 1300 confitendo,
1103 1216 1165 1312 sed

92 1322 253 1397 nomine.
306 1319 341 1391 Si
360 1316 639 1408 nativitasque,
663 1315 822 1391 nominis
834 1317 956 1409 potius
968 1317 1031 1400 est,
1055 1339 1163 1410 quam
1274 1311 1281 1384 ἶ

94 1421 285 1513 veritatis,
312 1434 420 1514 potes
441 1417 583 1493 auferre
602 1416 741 1514 nomini
755 1416 967 1510 veritatem:
993 1418 1017 1490 sr
1040 1435 1163 1494 autem

95 1542 185 1595 vere
216 1525 307 1594 [leus
330 1536 435 1593 natus
457 1513 531 1612 est,
566 1535 710 1609 quaero,
732 1517 939 1608 'quomodo
960 1517 1063 1609 polilt
1084 1539 1164 1596 non

95 1620 292 1711 versalia,
330 1617 429 1711 quod
448 1632 554 1691 natus
573 1615 649 1689 est?
694 1613 772 1688 Aut
793 1615 990 1712 negaelle‚
1029 1639 1077 1691 ne
1098 1619 1163 1705 fita

95 1737 158 1794 aut
177 1720 278 1813 uest,
303 1718 512 1812 quomodo,‘
533 1718 632 1809 quod
649 1715 712 1808 est,
738 1738 814 1789 non
829 1718 912 1808 erit,
939 1738 1034 1805 curn,
1061 1720 1164 1810 quod

92 1821 157 1915 est,
186 1842 263 1893 non
279 1816 482 1913 polluens,
507 1832 638 1891 utnon
652 1816 721 1891 stt?
750 1815 1069 1890 Aedenativitate
1085 1822 1163 1909 qui.

92 1922 174 1994 dem
196 1942 282 1992 mox
301 1915 514 1991 erit-sermo,
566 1916 713 1988 Interim
734 1933 853 1988 tamen
869 1917 915 1987 de
930 1918 1086 1989 veritate
1103 1941 1165 1992 na·

92 2035 183 2093 turre
206 2018 266 2090 liei
288 2016 510 2109 impietatem
525 2015 699 2092 mendacii
716 2016 767 2086 tui
785 2017 1000 2107 prophetica
1022 2017 1164 2091 confes·

89 2122 192 2195 stone
209 2118 446 2203 convincam
473 2116 668 2194 itatamen,
694 2114 1163 2195 utunum&verumlieum

88 2215 440 2312 praedicarianobis,
466 2211 738 2303 nequeSabellii
748 2214 884 2290 herens
899 2213 1009 2309 ipsum
1020 2215 1163 2298 Patrem

90 2318 169 2408 sibi,
198 2316 370 2391 &Filium
383 2312 539 2409 profeffa
552 2311 896 2408 praesumat,·neque
914 2331 954 2388 tu
970 2318 1163 2397 veritatem

94 2418 139 2491 de
161 2414 238 2490 filio
263 2409 346 2513 Dei,
377 2436 490 2492 unum
509 2428 650 2488 tanturn
669 2418 782 2490 Deum
805 2437 932 2492 verum
945 2418 1164 2516 praedicans,

92 2534 286 2592 mentiaris.
840 2567 842 2572 π

169 2622 225 2691 26.
254 2616 354 2690 Nihil
373 2617 481 2710 plane
495 2615 533 2690 in
547 2613 582 2691 se
596 2615 707 2689 habet
722 2612 899 2708 sapientiae
914 2615 1098 2711 impietas:
1126 2618 1163 2693 ds

91 2717 154 2788 Dei
174 2720 322 2808 timor„
345 2718 405 2806 qui
422 2713 600 2809 sapientia
614 2716 756 2787 initium
771 2714 842 2805 est,
875 2716 936 2786 ubi
957 2716 1076 2809 deest,
1104 2739 1166 2793 au·

90 2817 164 2888 fert
186 2815 304 2888 secum
331 2829 414 2888 ante
437 2815 626 2888 exordium
643 2812 854 2906 prudentia.
905 2814 966 2886 Ad
981 2813 1163 2891 infirman·
1267 2865 1270 2872 -

89 2917 174 2989 dam
200 2917 294 2987 enim
317 2913 380 2987 Dei
400 2915 478 2987 veri
496 2913 534 2986 in
554 2911 648 2985 Filio
666 2909 772 2985 iidem
789 2913 1027 3005 propheticus
1043 2917 1161 2992 sermo

89 3014 301 3109 profertur,
330 3031 403 3105 quo
424 3008 553 3086 diatim
570 3012 635 3085 est:
669 3013 715 3085 Et
733 3014 914 3083 benedicens
929 3033 961 3086 te
986 3021 1089 3088 Deum
1106 3043 1164 3089 ve·

89 3139 174 3189 rum.
228 3112 383 3186 Primum
405 3112 481 3185 haec
503 3112 696 3205 impietatis
715 3111 862 3187 stultitia
875 3114 965 3204 fuit,
992 3129 1054 3210 ut,
1082 3139 1162 3211 quae

90 3214 248 3307 superius
276 3211 367 3287 dicia
385 3210 488 3303 sunt,
521 3230 674 3286 autnon
693 3214 1002 3307 intelligerentur,
1029 3235 1092 3291 aut
1106 3221 1160 3293 in·

89 3313 230 3387 teliedla
263 3335 342 3386 cum
371 3310 502 3403 ellam,
538 3328 755 3389 tacerentur.
807 3313 1073 3421 Tumdeinde,
1114 3319 1159 3394 ad

87 3435 190 3506 quam
221 3413 255 3487 se
280 3413 442 3487 fraudem
469 3410 609 3505 s3⁷llabae
639 3412 860 3505 adjedlioue,
896 3437 974 3505 quae
994 3419 1030 3488 in
1057 3418 1169 3494 libris·

85 3536 164 3587 non
189 3530 308 3608 extat,
342 3512 526 3588 instruxit:
557 3514 715 3587 stultitiae
730 3513 797 3588 suae
816 3515 853 3587 in
870 3535 918 3588 eo
934 3515 993 3587 usa
1013 3520 1158 3592 menda·

85 3617 168 3695 cio,
208 3629 384 3706 tamquam
406 3613 508 3687 diuis
537 3611 607 3687 suis
630 3635 677 3686 eo
705 3634 819 3708 usque
844 3615 1044 3689 adhibenda
1065 3615 1156 3694 fides

85 3713 195 3802 ellat,
229 3729 271 3786 ut
285 3716 537 3805 requirendam
558 3711 628 3787 elle
646 3712 756 3805 ipsam
777 3711 952 3810 didiorum
968 3719 1158 3810 propheti·

85 3811 729 3910 corumauetoritatemnonputaret.
779 3813 870 3888 Non
881 3817 975 3889 enim
989 3820 1037 3889 ita
1050 3816 1158 3915 scrip·

84 3929 162 3991 turn
188 3912 257 3985 est:
294 3915 482 3987 Benedicent
508 3933 539 3987 re
571 3921 672 3987 Deum
693 3938 830 4008 ,verum
870 3915 928 3989 sed
962 3920 1157 3993 Benedicent

87 4022 194 4089 Deum
221 4037 347 4089 verum.
396 4014 491 4089 Nam
516 4036 593 4090 non
622 4016 791 4112 exiguum
816 4019 1053 4115 ambiguitatis
1076 4042 1156 4093 mo·

85 4130 243 4191 mentum
269 4113 320 4186 est
348 4114 441 4187 inter
467 4131 498 4186 te
531 4119 631 4188 Deum
652 4143 787 4201 verum,
832 4118 870 4194 (5
903 4128 1007 4189 Deum
1028 4144 1155 4198 verum.

85 4213 246 4289 Personae
269 4214 364 4288 enirn
382 4216 527 4286 alterius
546 4217 693 4289 videtur
709 4216 780 4290 elle
795 4216 1023 4311 pronomen,
1048 4221 1157 4296 ubire

85 4315 154 4389 est:
178 4330 345 4387 caeterum
367 4314 429 4386 ubi
447 4317 674 4406 pronominis
692 4316 824 4409 syllaba
837 4340 913 4395 non
930 4319 1022 4410 erit,
1047 4318 1097 4392 ibi
1109 4320 1155 4400 ad

85 4414 265 4493 auuoren
281 4412 531 4490 diciirefertur
554 4416 751 4494 &nomen
970 4440 1027 4513 ap.
1055 4417 1104 4496 Et
