2742 4959
675 311 680 322 ι

1009 396 1021 401 ι.
1058 392 1090 401 ,οἱ
1109 395 1114 399 »
1158 390 1170 397 V

475 573 699 730 Lrurn
743 609 823 694 Vl.
1109 643 1182 722 ¹43

97 817 139 888 ὁ,
162 781 225 860 sed
239 777 444 872 nantuato,
469 774 523 852 est
533 775 750 872 principium
767 779 943 874 omnium,
969 779 1017 856 lic
1032 782 1181 862 &Deus

104 939 139 986 ‚‚
165 898 250 959 ante
270 879 393 955 omnia
407 876 470 956 est.
519 875 677 974 Propter
695 878 794 971 quod
810 880 844 952 ἃ
861 891 945 955 anto
961 881 1089 961 Filium
1110 887 1177 982 est,

107 1040 141 1084 „
167 986 258 1062 ficut
293 979 328 1056 ἅ
366 993 405 1054 te
443 978 631 1054 didicimus
665 979 784 1054 media
810 981 849 1062 in
880 984 1028 1057 ecclesia
1053 989 1182 1078 praedi-

103 1138 139 1185 ‚,
167 1099 282 1159 cante.
341 1077 547 1157 Secundum
563 1078 663 1174 quod
679 1078 801 1172 itaque
817 1101 837 1153 a
853 1080 938 1156 Deo
958 1083 1029 1158 esse
1046 1086 1181 1184 habet,

106 1237 140 1286 „
167 1185 201 1260 δι
224 1184 379 1283 glorias,
415 1182 450 1254 δι
471 1180 627 1272 vivere,
666 1179 701 1251 &
726 1180 848 1255 omnia
867 1184 900 1256 ei
919 1179 1001 1257 sunt
1023 1188 1178 1279 tradita3

105 1338 142 1387 ‚,
167 1282 361 1361 secundum
385 1283 481 1374 hoc,
519 1279 735 1376 principium
752 1281 829 1374 ejus
845 1280 897 1356 est
916 1281 1028 1360 Deus.
1079 1286 1180 1363 Prin·

106 1436 138 1482 „
164 1385 304 1480 cipatur
319 1396 440 1458 autem
455 1381 510 1476 el,
540 1393 674 1475 utpote
689 1379 791 1455 Deus
809 1380 907 1475 ejus,
934 1404 1015 1460 cum
1035 1381 1181 1464 litante

105 1537 139 1585 ‚‚
164 1485 289 1581 ipsum.
340 1481 377 1557 Si
399 1480 518 1577 enim,
550 1479 651 1575 quod
670 1505 712 1552 ex
732 1481 814 1579 ipso,
851 1481 1001 1576 &quod
1017 1511 1056 1554 ex
1072 1505 1181 1576 utero,

107 1637 138 1684 ,‚
164 1587 200 1661 δι
217 1580 316 1679 quod
333 1609 372 1655 ex
389 1586 488 1656 Patre
502 1587 615 1672 esini,
641 1580 687 1658 σ·
698 1586 797 1670 veni,
824 1584 929 1656 velut
943 1599 1082 1678 partem
1100 1590 1178 1682 ejus

106 1737 139 1785 ,‚
163 1687 270 1760 nnius
290 1679 505 1768 substantie,
532 1682 565 1756 δι
585 1682 680 1775 quali
698 1677 942 1777 prolationem
962 1687 1178 1785 extendens,

109 1838 141 1882 „
166 1781 400 1882 intelligitur3
434 1781 656 1876 compostus
673 1785 743 1855 erit
758 1780 885 1865 Pater,
920 1784 954 1856 ὰ
972 1786 1179 1884 divisibilis,

109 1937 138 1985 „
166 1879 471 1964 &convertibilis
493 1877 975 1976 &corpussecundumillon
1001 1884 1050 1964 ἃ,
1070 1907 1180 1976 quan.

110 2039 141 2084 „
167 2000 245 2058 tum
266 1982 303 2056 in
321 1979 401 2077 ipsrs
422 1979 493 2074 est,
529 1977 786 2073 consequentia
804 1981 970 2076 corporis
984 1976 1181 2085 sustineus,

109 2135 141 2182 ‚‚
169 2085 241 2159 fine
257 2101 416 2176 corpore
435 2081 550 2157 Deus.
565 2082 594 2123 ‘⁶

190 2205 223 2275 7.
250 2180 342 2284 Quis
361 2199 438 2255 non
453 2175 490 2254 in
504 2181 559 2254 his
571 2173 698 2253 sentiat
710 2173 872 2255 lubricos
887 2171 1099 2276 serpentina
1111 2188 1182 2262 viar

110 2279 250 2376 flexus,
290 2284 349 2357 vel
376 2281 550 2355 tortuosis
571 2273 671 2376 spiris
696 2283 817 2355 nodos
842 2285 1013 2374 vipereos
1035 2308 1112 2361 non
1130 2289 1183 2364 in-

111 2386 271 2480 telligat,
297 2380 425 2478 quibus
440 2383 613 2458 venenati
631 2380 705 2454 oris
719 2383 924 2477 principalis
935 2385 1094 2477 potestas
1106 2392 1183 2464 col-

109 2484 217 2559 letiio
236 2484 357 2558 inflexi
370 2484 537 2578 corporis
556 2481 648 2558 orbe
661 2483 920 2557 concluditur?
945 2484 1015 2558 Sed
1026 2492 1181 2564 extenfis

109 2586 299 2677 omnibus,
335 2598 444 2678 atque
472 2577 665 2674 absolutis,
706 2597 824 2655 totum
855 2587 1029 2656 occultati
1054 2591 1182 2681 capitis

108 2686 210 2758 virus
240 2685 391 2778 patebit.
442 2679 660 2778 ingeruntur
681 2681 775 2754 enim
799 2681 905 2753 nobis
933 2685 1084 2773 primum
1115 2705 1182 2760 no·

109 2787 203 2860 mina
221 2784 408 2875 veritatis,
442 2795 485 2853 ut
511 2782 612 2852 virus
632 2773 791 2851 salsitatis
815 2782 983 2856 introeat.
1036 2783 1182 2865 Bonum

106 2884 147 2961 in
166 2903 231 2955 ore
250 2879 316 2966 est,
350 2893 392 2951 nt
407 2875 452 2956 du
468 2875 579 2951 corde
594 2876 725 2950 malurn
742 2868 875 2954 sulreat.
929 2875 977 2966 fn
994 2883 1087 2956 inter
1104 2887 1181 2961 haec

107 3001 283 3073 nusquam
304 2980 412 3051 audio
430 2981 474 3053 ab
490 2978 542 3051 his
556 2976 673 3051 Deum
688 2979 753 3050 liei
766 2968 875 3052 filiurn
889 2974 977 3054 dici:
1004 2997 1181 3077 nusquam

107 3080 240 3159 Filium
263 3079 414 3153 invenio
439 3079 490 3152 ita
513 3077 742 3170 predicatum
766 3077 856 3168 else,
890 3075 989 3172 quod
1014 3077 1107 3158 lilius
1125 3087 1180 3165 srt.

109 3178 337 3261 Nomensrlii
354 3179 541 3275 ingeritur,
570 3193 610 3250 ut
623 3187 749 3251 natura
766 3191 946 3268 tacentum
974 3200 1100 3257 natura
1112 3188 1185 3262 adi·

108 3283 238 3367 mitur,
265 3296 306 3353 ut
321 3301 455 3354 nomen
475 3280 627 3351 alienum
652 3279 705 3354 stt.
759 3279 918 3354 llaercses
935 3297 1185 3382 caeterae‘prae.

110 3383 332 3471 tenduntnr,
370 3398 412 3453 ut
428 3379 473 3453 de
489 3377 524 3452 se
545 3379 682 3452 haeresrs
697 3384 902 3453 mentiatur.
958 3381 1062 3459 Unus
1084 3385 1183 3463 solus

110 3481 234 3577 Deus,
270 3481 417 3555 &solus
438 3499 547 3553 verns
563 3479 759 3576 ingeritur,
794 3497 841 3552 ne
862 3499 1011 3576 verum,
1037 3506 1079 3557 ac
1095 3508 1184 3582 pro.

108 3584 228 3680 prium
247 3585 315 3655 Dei
331 3577 413 3656 filio
428 3583 652 3671 relinquatur
668 3578 758 3666 else,
785 3577 883 3671 quod
901 3580 1000 3656 Deus
1018 3584 1080 3658 est.

189 3690 223 3760 8.
250 3684 473 3776 Quamquam
493 3683 601 3776 igitur
615 3675 856 3772 superioribus
870 3681 999 3756 libellis
1015 3681 1060 3757 de
1076 3685 1181 3783 Det),

111 3782 147 3857 δι
164 3779 271 3872 Deo,
296 3781 429 3854 &Deo
446 3802 561 3870 vero,
589 3799 631 3852 ac
649 3779 730 3852 Deo
745 3795 854 3873 vero,
882 3780 916 3853 ἀ
936 3786 971 3855 in
988 3784 1071 3860 Deo
1087 3809 1181 3863 vero

109 3898 235 3979 patre,
270 3879 304 3952 ἀ
326 3882 362 3953 in
385 3881 469 3956 Deo
494 3902 587 3955 vero
604 3875 702 3962 filio,
740 3901 815 3953 uno
835 3902 928 3955 vero
950 3884 1033 3956 Deo
1051 3889 1184 3962 intelli·

110 3985 252 4082 gendo,
289 3978 481 4057 secundum
502 3997 641 4056 naturae
661 3981 854 4070 unitatem,
890 4005 965 4057 non
987 3985 1182 4066 secundum

85 4151 89 4158 ,
110 4083 273 4182 personae
289 4084 483 4172 unionem,
518 4084 690 4177 exlegis,
729 4083 761 4154 ἀ
782 4085 1038 4178 prophetarum
1056 4088 1178 4178 predi·

112 4186 317 4257 rationibus
329 4182 574 4277 docuerimus,
600 4199 720 4257 tamen
738 4182 894 4274 persocia
908 4183 990 4260 fidei
1002 4188 1106 4280 hujus
1121 4188 1183 4263 ab·
1266 4199 1269 4206 '

110 4279 302 4378 solutioex
322 4283 558 4383 evangelicis,
583 4298 693 4379 atque
708 4283 1198 4465 apostolicisestprgsZanun

162 4429 173 4448 s
1050 4408 1077 4462 Q
1150 4426 1164 4446 ι
