2742 4959
184 624 414 715 Materiem
435 630 718 714 commentarii
739 651 792 714 ex
808 625 873 714 his
888 626 1004 742 ipsis,
1040 639 1145 750 quai

144 785 306 883 ninavi,
337 778 758 870 Hilarii'editionibus
775 780 909 868 haufi:
938 782 1145 880 hincinde

143 943 279 1042 traxi,
310 964 362 1024 ne
377 935 480 1051 quid
495 933 688 1050 superflui
704 933 861 1020 molem
877 935 1144 1037 voluminum

143 1118 267 1211 ;eret:
299 1096 522 1206 aptiusque
539 1087 727 1176 nonnihil
744 1088 924 1204 disposui
941 1121 1051 1186 certa
1077 1102 1145 1194 sua

142 1246 509 1365 tfingulaloctm.
567 1251 570 1258 ’

181 1556 447 1648 Pertinuisset
463 1560 515 1648 ad
531 1562 714 1646 notitiam
730 1558 965 1649 litterariam
982 1567 1146 1678 potius,

141 1745 199 1806 tm
208 1715 262 1804 ad
273 1720 615 1831 nuncupatotiam
625 1720 761 1828 operis
771 1716 994 1829 epistolam,
1022 1714 1146 1807 referss

141 1903 224 1963 taec
241 1870 295 1958 de
311 1900 403 1958 mea
421 1874 526 1957 ciret
534 1872 739 1959 Hilarium
755 1870 1032 1986 dispofitione,
1060 1875 1147 1981 nist,

141 2030 189 2117 >d
207 2032 357 2115 notitia
365 2026 626 2114 illalitteraria
635 2026 751 2114 alteri
759 2024 933 2114 demum
941 2028 1150 2118 volumini

140 2181 435 2297 immittenda,
467 2182 689 2273 consultius
701 2180 918 2298 putassem,
947 2183 1149 2278 lettorem

140 2343 278 2428 imme
292 2363 487 2444 monere,
517 2340 699 2457 qualem,
731 2338 1149 2432 &undehuncsuum

139 2500 285 2586 larium
300 2497 484 2609 accipiat.

190 2811 267 2900 Est
289 2808 423 2898 adhuc
442 2808 570 2913 aliud,
608 2810 727 2925 quod
748 2805 947 2894 letiorem
969 2801 1038 2892 hic
1063 2834 1152 2897 mo·

138 2995 220 3054 tm:
251 2965 391 3072 (bona
415 2968 530 3069 Tua,
559 2968 639 3056 Vir
661 2966 837 3079 optime,
867 2962 909 3048 id
926 2966 1043 3049 venia
1060 2963 1154 3076 fiat)

138 3121 278 3209 randae
297 3126 567 3235 imposterum
585 3123 657 3209 SS.
668 3123 835 3207 Patrum
844 3117 1033 3203 editionis
1046 3121 1153 3206 Wir·

138 3275 350 3392 burgensis
367 3281 606 3392 negotium,
635 3276 686 3360 ab
697 3273 984 3388 hinccogorin
994 3271 1152 3358 alienos

137 3455 283 3520 ,meros
310 3428 548 3529 transferte,
588 3427 704 3544 quod
726 3455 836 3518 unus
855 3451 918 3515 tot
936 3429 1045 3518 curis
1069 3455 1154 3556 tam

137 3591 287 3674 riarum
303 3613 443 3673 rerum
468 3585 575 3675 ultra
593 3609 680 3671 non
706 3581 915 3674 sufficiam.

194 3895 417 3984 Plurimam
435 3917 601 4009 partem
618 3897 712 3983 vitae
729 3921 833 3985 meae
850 3919 965 3985 mmc
980 3919 1080 3992 cura
1095 3891 1159 3980 rei

136 4045 361 4169 :dagogisse
379 4075 571 4163 occupat:
596 4050 849 4174 ampliffimae
867 4079 982 4141 certo
1001 4055 1081 4153 rei,
1113 4050 1158 4138 &

135 4239 174 4300 te
190 4211 385 4314 Patriam,
415 4207 550 4299 dicam
566 4211 710 4295 etiam:
741 4208 911 4301 homine
929 4206 1156 4295 humanita-

1013 4388 1103 4451 tem
