2742 4959
477 611 805 723 Scrrnra.
1085 631 1226 736 curnx

150 837 152 848 .
174 774 266 853 iliud
286 772 438 872 Lucirni
456 774 631 871 Martyris
663 791 757 870 opus
782 770 978 850 commode
998 772 1176 876 referres,

176 917 252 993 quo
275 877 492 990 Euthymios
517 893 683 971 testator:
717 891 933 990 „Omnibus
954 894 1175 975 editionibus
1231 950 1236 956 -

150 1015 213 1113 ns,
238 1018 371 1095 &cum
393 1016 560 1092 hebraica
582 1016 738 1091 veritate
761 1014 1016 1113 diligentiiiime
1032 1017 1174 1094 collatis

150 1140 288 1235 opriem
301 1136 499 1213 editionem
512 1137 600 1211 nibil
614 1156 794 1230 mancum,
819 1138 906 1216 nihii
916 1138 1107 1232 habentem
1120 1136 1176 1212 iu.

150 1257 282 1334 rfluum
298 1256 503 1334 Christianis
520 1256 677 1333 tradidit
688 1258 717 1326 ‘.‘
767 1255 907 1334 Verum
926 1256 980 1331 his
995 1259 1175 1332 obnititur

150 1380 325 1472 ieronymi
347 1379 549 1454 authoritas
574 1374 780 1452 scribentisr
805 1376 1087 1472 „Praetermitto
1107 1397 1175 1456 eus

153 1501 279 1593 dices,
305 1520 398 1591 quos
417 1519 439 1573 r
460 1495 644 1592 Lucieno,
669 1497 704 1572 dt
725 1495 911 1591 Heiycbio
921 1513 1174 1595 nuncupatos,

150 1639 305 1710 unorum
320 1620 506 1722 bominum
514 1614 631 1692 aiierit
639 1618 808 1715 perversa
816 1618 1021 1695 contentio.
1032 1620 1062 1662 “
1095 1620 1176 1717 Qui

150 1743 202 1818 im
225 1760 394 1839 paucorum
409 1738 591 1813 bominum
613 1739 641 1813 fi
660 1760 738 1815 non
752 1739 865 1813 modo
885 1739 979 1835 apud
997 1736 1174 1835 Grecos,
1275 1755 1283 1774 ‘

150 1859 167 1936 1
188 1862 223 1934 dt
247 1858 341 1953 apud
358 1856 484 1933 Garios
502 1857 661 1933 &italos
676 1856 898 1932 afferantur?
924 1856 1048 1951 Maior
1066 1861 1176 1937 etiam

150 1997 184 2057 rt
202 1983 241 2056 in
258 1977 434 2055 Hilarium
450 1975 667 2071 Hieronymi
679 1967 901 2070 reverentie,
929 1998 1033 2074 quarn
1044 1993 1086 2054 ut
1095 1979 1176 2074 opi·

150 2123 275 2190 onem,
302 2117 406 2192 equa
425 2095 629 2192 incitaret,
654 2097 832 2194 perverse
846 2099 1094 2178 contentionis
1108 2119 1176 2175 no·

152 2245 200 2299 ne
225 2233 383 2297 notaret.
435 2216 613 2291 Preteren
637 2234 754 2294 totam
769 2215 977 2315 scripturam
993 2239 1176 2320 recogno·

150 2342 389 2433 uincimus,
414 2357 495 2415 curn
512 2335 627 2414 solum
644 2338 861 2419 Psalmorum
873 2342 1003 2418 librum
1016 2339 1175 2418 Hilarius

150 2484 214 2558 que
232 2458 444 2535 Ambrofius
465 2474 764 2537 commemorent.

204 2579 272 2662 lile
291 2601 373 2654 curn
397 2599 444 2654 ex
468 2577 672 2674 hocloco,
698 2600 771 2674 quo
792 2579 911 2654 libram
925 2579 1092 2666 [eandm
1112 2584 1178 2652 He·

150 2726 200 2776 m
220 2700 451 2777 emendatum
466 2697 558 2771 tanti
573 2695 686 2794 ducit,
714 2717 790 2777 tum
807 2721 853 2776 ex
872 2701 988 2774 altero
999 2702 1036 2774 in
1049 2697 1101 2775 Ps.
1114 2704 1177 2790 65.

161 2843 220 2918 3.,
231 2840 321 2917 ·quo
340 2819 463 2917 graecis
479 2817 683 2910 codicibus,
711 2820 793 2911 quia
810 2844 849 2891 ec
864 2818 1179 2917 Heiraeosmrepro·

150 2944 296 3036 nisum,
322 2942 507 3032 aliquanto
525 2938 620 3032 plus,
647 2956 752 3029 quam
767 2936 919 3033 Latinis,
946 2938 1178 3015 authoritatis

150 3060 335 3153 remouit,
360 3055 455 3134 suam
477 3059 522 3134 de
537 3056 697 3134 Hebraeo
721 3071 826 3140 textu
841 3058 1052 3135 sententiam
1068 3062 1180 3136 mani·

150 3181 233 3258 stem
250 3184 350 3258 iacit.
409 3177 542 3274 Neque
557 3198 651 3254 vero
673 3190 795 3253 textus
817 3180 922 3273 hujus
938 3179 1180 3258 finceritatem
1250 3173 1254 3180 ’

150 3305 241 3403 goir,
269 3300 330 3378 sed
345 3315 484 3375 tantum
503 3303 546 3375 ab
561 3302 638 3395 eius
652 3298 883 3397 ambiguitate
896 3299 1179 3377 iibicavendunr

150 3440 249 3500 unet.
306 3421 423 3497 Immo
448 3420 473 3495 is
496 3423 609 3496 verba
629 3420 723 3493 iliius
740 3422 776 3496 in
797 3417 851 3497 Pi.
871 3442 903 3496 2.
922 3425 955 3517 §.
977 3443 1009 3515 3.
1033 3417 1180 3515 aiiequi·

150 3565 209 3633 ur,
231 3544 314 3619 libri
336 3540 477 3618 Hebraei
495 3542 594 3639 srmui
613 3562 695 3616 curn
712 3542 767 3630 iis,
793 3561 886 3635 quos
909 3562 970 3637 70.
990 3542 1182 3618 translato·

150 3664 380 3753 sediderant,
397 3643 779 3757 postresnrredtionem
787 3657 934 3736 Domini
945 3653 1068 3738 'collati
1078 3650 1181 3738 suntt

164 3805 246 3861 cum
266 3781 421 3860 fideliter
447 3782 689 3858 consonantes
708 3771 887 3878 comperti
907 3780 1042 3879 eiiam,
1074 3782 1184 3857 utris·

150 3926 183 3982 ie
198 3957 228 3999 ‚,
239 3903 486 3982 indiiioiubilis
502 3901 700 3978 constituta
718 3900 773 3977 est
783 3902 975 4001 privilegio
995 3900 1181 3987 doctrine,

169 4027 285 4100 etatis
312 4025 521 4100 authoritas.
536 4024 564 4065 “
615 4019 726 4099 Certe
753 4045 835 4100 cum
863 4022 995 4100 ibidem
1019 4020 1182 4106 fatetur,

153 4148 279 4222 ebraeis
297 4165 374 4221 non
393 4138 619 4219 necess‘rriarn
637 4141 740 4219 fuiffe
757 4139 937 4219 seniorum
954 4163 1014 4238 70.
1033 4140 1183 4216 transit·

150 4288 274 4368 onem,
301 4283 455 4357 cumque
470 4259 503 4362 b.
523 4287 559 4356 4·.
571 4262 685 4341 Paulo
698 4258 857 4340 Hebraeo
873 4257 968 4358 apud
980 4259 1184 4359 Hebraeos,

165 4393 206 4468 S.
235 4390 365 4463 Hilarii
394 4377 483 4460 'iim
508 4383 553 4458 i.-
756 4383 785 4459 b
985 4380 1135 4458 hebreo
1220 4427 1237 4449 ,
