2742 4959
550 633 875 715 Serrei-a.
1124 727 1126 731 ,
1208 664 1249 720 ur

169 849 173 854 -
269 793 534 890 Hincquoque
550 795 756 892 evanescit,
784 798 883 893 quod
895 821 1013 900 prope
1029 800 1066 875 in
1085 805 1249 882 omnium
1280 835 1284 844 ·

165 919 299 996 animis
320 912 517 1012 insederat,
543 917 720 994 Hilarium
736 922 773 993 in
788 921 863 996 hoc
879 920 1032 996 tratiatu
1049 921 1095 994 do
1109 922 1249 999 formu·

164 1045 206 1119 lit
231 1037 479 1115 Orientalium
503 1027 644 1113 diversa
667 1042 712 1114 ab
729 1037 914 1118 Athanafii
929 1042 1025 1117 libro
1042 1042 1087 1116 de
1106 1045 1248 1138 Sparsis

163 1160 345 1256 inscripto
359 1156 510 1253 sensisse,
535 1159 886 1255 &quodilleaperte
898 1161 1054 1256 damnat,
1081 1161 1247 1242 laudula.

165 1283 320 1360 sienim
341 1298 421 1361 eos,
446 1279 506 1370 qui
522 1277 678 1374 Ancyra
693 1285 906 1379 congregati·
917 1280 1099 1358 Anomaeir
1113 1285 1247 1359 acriter

164 1401 402 1491 restiterunt,
435 1393 590 1491 filiisque
608 1420 689 1476 curn
707 1415 811 1496 patre
825 1402 861 1477 in
882 1399 1071 1497 substantia
1085 1403 1245 1478 similitu·

166 1525 290 1600 dinem
312 1531 375 1594 tot
389 1517 543 1593 decretis
559 1517 772 1616 sanxerunt,
798 1530 918 1616 neque
933 1542 1056 1597 veram
1072 1517 1179 1597 fidem
1192 1535 1247 1618 at·

165 1639 286 1720 tulisse
309 1637 433 1733 sensrt,
467 1641 578 1737 longe
592 1641 708 1716 minus
725 1661 791 1716 eos
809 1638 964 1717 attulisse
978 1640 1143 1738 senserit,
1182 1644 1245 1738 qui

168 1781 228 1840 aut
252 1760 492 1855 Antiochia,
530 1772 592 1832 aut
617 1758 887 1859 Philippopoli,
925 1778 989 1838 aur
1015 1761 1131 1838 Sirmii
1150 1784 1245 1839 non·

168 1887 253 1962 dum
299 1886 352 1956 ita
389 1901 506 1976 prope
535 1880 580 1954 ad
607 1901 733 1958 vcrarn
763 1881 872 1958 fidem
905 1883 1135 1984 accesserant.
1205 1884 1245 1959 Si

169 2023 295 2082 tutem
311 2002 390 2094 quir
407 2013 556 2095 querat,
582 2019 647 2073 cur
662 2020 740 2076 non
755 2001 893 2078 diversa
909 2003 1077 2096 sentiens,
1105 2017 1178 2078 tam
1191 2003 1244 2090 di·

165 2124 273 2203 nersa
298 2125 492 2216 loquatur,
524 2123 560 2196 in
580 2134 729 2215 promtu
747 2120 798 2196 est
813 2117 1009 2216 responso.
1061 2115 1244 2226 Attendat

166 2249 264 2322 enim
281 2243 470 2336 utriunque
484 2243 645 2337 scopum,
672 2240 1044 2317 &facileconcilirbit
1052 2246 1243 2340 utriusque

163 2365 383 2442 sermonem.
435 2363 527 2462 Quis
553 2366 646 2438 enim
661 2362 818 2455 nesciat,
843 2361 967 2438 iisdem
983 2364 1028 2437 de
1045 2368 1153 2440 rebus
1168 2389 1241 2462 pro

165 2485 307 2562 consilii
326 2483 545 2575 diversitate,
573 2478 749 2558 diversam
770 2481 942 2558 sermonis
961 2484 1152 2559 ineundam
1170 2486 1242 2564 esse

163 2601 377 2682 rationem?
409 2600 606 2677 Athanasio
632 2602 776 2695 itaque,
809 2605 868 2696 qui
893 2603 967 2677 hoc
986 2603 1047 2677 sibi
1064 2601 1126 2677 suo
1142 2607 1240 2683 libro

162 2721 441 2823 praescripserat,
467 2737 509 2796 ut
531 2722 690 2798 Arianos
709 2745 755 2797 ex
767 2719 850 2798 fidei
863 2722 1029 2797 formulis
1044 2724 1154 2797 toties
1168 2726 1242 2800 edi·

163 2849 233 2941 tis,
262 2848 450 2935 totiesque
466 2846 636 2925 mutatis,
662 2840 898 2915 inconstantis
913 2842 1078 2934 adeoque
1091 2862 1242 2936 pervet-

164 2967 206 3044 lae
230 2963 322 3042 fidei
344 2966 604 3057 convinceret,
639 2963 776 3055 palam,
809 2960 989 3057 &aperte
1003 2965 1241 3057 improbanda

165 3105 244 3165 erat
269 3097 372 3161 tanta
396 3082 630 3158 formularum
650 3084 819 3159 varietas.
877 3081 933 3156 At
954 3105 1047 3157 vero
1074 3083 1239 3184 Hilario,

165 3213 221 3304 qui
247 3210 324 3283 hoc
339 3204 400 3279 srbi
422 3205 574 3279 maxime
588 3200 851 3297 proposuerat,
883 3203 976 3279 ut&
996 3205 1241 3287 Orientalium

164 3326 465 3404 benevolentiam
482 3325 683 3419 captando,
714 3322 800 3397 &in
816 3342 944 3399 eornm
963 3324 1131 3402 favorem
1145 3348 1239 3406 non·

163 3449 254 3525 nihil
281 3441 462 3522 fleslendo
477 3445 731 3519 occidentales
749 3458 925 3537 utrosque
943 3446 986 3519 ad
1002 3450 1238 3529 concordiam

165 3569 199 3644 dt
215 3586 347 3664 pacem
363 3567 401 3641 in
416 3564 640 3659 synodrsjam
652 3561 792 3639 indictis
802 3563 993 3639 ineundam
1005 3584 1238 3667 prepararet,

163 3689 281 3766 multa
297 3685 443 3762 suerunt
459 3685 719 3779 dissimulanda,
746 3684 980 3761 formularum
1000 3693 1132 3762 iterato
1148 3709 1238 3767 con·

165 3807 366 3887 dandarum
383 3807 629 3907 excogitanda
644 3805 774 3900 cansae,
800 3827 842 3881 ac
859 3808 1012 3914 denique
1029 3791 1132 3905 dista,
1161 3815 1237 3908 qui·

162 3932 234 4010 bue
254 3929 554 4024 enuntiabantur,
579 3928 735 4026 benigne
754 3928 1036 4022 interpretanda,

137 4077 140 4098 =
264 4048 447 4126 Preterea
475 4052 517 4126 iit
542 4071 714 4125 nonunt
742 4051 884 4126 ratione
903 4050 1126 4144 loquendum
1142 4050 1235 4150 suit,

132 4267 134 4272 Ι
166 4172 323 4267 quinon
346 4191 423 4246 uno
448 4186 614 4266 tempore
633 4165 857 4265 scripserunt.
921 4170 1066 4267 Scripsit
1081 4193 1235 4266 namque

132 4343 134 4348 -
166 4290 888 4391 illiniurtnteAriminensemsynodum,
914 4297 1039 4372 cumei
1053 4292 1129 4390 sper
1144 4311 1233 4394 erat,
1282 4340 1284 4343 -

324 4445 327 4454 ·
555 4517 559 4522 .
666 4410 738 4490 da
1118 4430 1192 4520 ut,
