2742 4959
825 529 830 556 s

193 684 312 748 eatur
535 661 574 741 8.
621 663 930 746 Hietarr

146 807 149 816 '
196 827 355 921 utilem,
379 827 510 922 quem
526 827 628 905 nuru
647 827 776 906 nunu
790 827 837 906 ue
853 827 1037 908 minine
1051 845 1270 936 ommim,
1297 825 1299 918 ζ

196 960 400 1028 occurrunt
416 946 553 1044 puriter
567 949 608 1024 in
625 972 690 1045 ea,
714 970 820 1046 quam
837 953 1067 1052 evulgtmur,
1091 953 1268 1049 epistolt3
1298 937 1299 942 Ν

194 1071 383 1172 sententie
402 1087 550 1163 quoque
573 1073 709 1147 eedem
725 1085 871 1163 erttnt;
905 1093 975 1147 nec
990 1072 1181 1169 dissimilii,
1213 1081 1269 1156 uti

195 1193 377 1284 diximus,
403 1185 521 1266 sermo
538 1187 607 1264 est:
639 1203 748 1285 atque
761 1191 798 1267 id
812 1187 894 1268 sane
909 1192 1103 1288 fatebitur,
1128 1198 1189 1288 qui
1206 1218 1270 1282 to·

195 1313 437 1406 notationes,
462 1327 550 1405 quur
570 1299 689 1387 ¹eidem
703 1310 862 1405 epistole
876 1313 1107 1407 adjiciemus,
1132 1331 1269 1414 erpen-

197 1433 278 1510 det:
310 1451 358 1506 eo
379 1431 474 1505 enim
496 1450 574 1505 non
593 1431 890 1509 modicaillarum
908 1451 991 1530 pare
1005 1431 1196 1532 respiciet,
1226 1453 1268 1514 ut

196 1549 357 1636 adduiiis
374 1550 504 1626 Hilarii
518 1551 640 1625 verbio
663 1547 890 1649 ostendatur,
917 1571 997 1628 curn
1013 1554 1160 1649 reliquit
1174 1557 1268 1640 illiue

195 1673 299 1750 libris
323 1670 509 1765 epistolam
533 1668 628 1746 nme
644 1688 722 1745 non
735 1673 849 1747 modo
869 1676 906 1748 in
923 1670 1108 1769 doctrino,
1139 1697 1268 1754 verum

195 1794 306 1871 etiam
328 1790 508 1878 interdum
530 1791 569 1866 in
588 1792 780 1867 locutione
798 1789 891 1888 ipse,
915 1798 1188 1889 verborumque
1201 1797 1271 1874 dir·

196 1912 403 2016 positione,
428 1931 472 1987 rc
488 1910 644 1986 circuitu
657 1915 871 1991 convenire.

253 2059 256 2064 ·
301 2029 542 2110 necentur
573 2030 652 2109 uec
677 2027 829 2112 mitta·
865 2019 1047 2116 noum
1078 2036 1268 2116 nominum

195 2152 350 2250 Hilarii,
383 2150 684 2258 icilierooynit
714 2151 841 2234 liudem
868 2157 965 2234 enim
980 2155 1114 2240 litteris
1132 2171 1271 2236 utmm·

197 2295 271 2371 que
285 2271 573 2368 nomeninclpit.
621 2267 1270 2382 fficsusplcorllilariinomendua·

197 2398 269 2478 itur
285 2408 426 2472 uotum
449 2389 632 2490 pontione
647 2391 780 2469 litteris
793 2391 1009 2471 indicatum:
1042 2397 1110 2472 llic
1133 2397 1271 2474 &huic

198 2516 364 2618 epistole
388 2510 613 2613 propositum
629 2511 803 2590 inducere
817 2511 924 2590 facile
946 2513 1102 2610 potuill'e
1117 2516 1275 2596 Amrnu·

197 2635 323 2738 ensem
350 2633 513 2712 noiirtm
535 2654 614 2711 non
635 2633 829 2713 trimodum
851 2633 998 2712 sortasl'e
1017 2638 1192 2733 peritum,
1230 2653 1272 2716 ut

198 2759 434 2852 Hieronymo
450 2756 629 2834 tribueret
641 2754 804 2837 libellum
814 2753 941 2856 istum,
965 2756 1027 2850 qui
1042 2755 1185 2834 Hilario
1204 2761 1272 2838 uti·

198 2900 273 2977 que
293 2879 415 2956 fuerat
427 2876 651 2956 tribuendus.
988 2947 990 2952 .

302 3023 340 3090 4.
364 2995 490 3088 Atque
506 2995 562 3072 hie
581 2996 724 3092 quidem
741 2993 958 3090 conjecturis
974 2993 1114 3094 ducor,
1148 3013 1192 3076 ut
1208 2999 1273 3077 Hi·

199 3120 295 3198 lario
315 3111 452 3193 Piiiav.
476 3115 635 3211 ideoque
656 3116 915 3210 praeclariilimo
941 3117 976 3193 u
997 3119 1104 3195 veldc
1123 3120 1272 3197 vetusto

199 3239 369 3338 scriptori
386 3233 573 3333 epistolam
588 3233 682 3310 htnc
694 3232 898 3312 adscribam.
947 3235 1054 3313 Nolo
1072 3251 1192 3318 tumen
1203 3238 1271 3316 dis·

199 3360 366 3442 inuare
387 3379 469 3453 err,
502 3375 590 3451 quae
610 3355 697 3432 mihi
715 3356 773 3431 vir
789 3352 914 3433 clurisi'.
934 3357 1213 3455 quique'primm
1232 3361 1273 3436 in

198 3481 377 3562 litteraria
403 3476 590 3573 republica
612 3486 740 3550 tenere
757 3474 855 3554 visui
874 3475 949 3573 est,
977 3477 1125 3554 Ludov.
1146 3478 1273 3558 Mura-

200 3602 322 3680 torius
340 3601 379 3675 in
402 3595 553 3696 epistole
581 3595 626 3671 td
644 3616 703 3671 me
723 3596 825 3681 data,
863 3599 950 3675 mihi
966 3600 1105 3692 objecit
1121 3598 1273 3678 difficul»

200 3731 310 3798 tutet.
369 3715 549 3794 Nimirum
583 3735 615 3790 1.
639 3717 683 3793 ad
704 3717 914 3812 martyrium
931 3719 1013 3793 vult
1032 3717 1187 3815 scriptor
1204 3719 1271 3798 iste

200 3852 350 3944 paratos
367 3858 454 3933 eor,
481 3837 609 3932 quibus
628 3837 778 3936 epistola
798 3839 874 3913 hcc
886 3838 1036 3936 legenda
1055 3855 1146 3921 erut.
1196 3841 1274 3918 An·

200 3959 339 4056 tiquior
356 3978 444 4057 ergo
462 3957 604 4032 Hilario
625 3959 756 4033 author
765 3960 860 4033 illiue
877 3957 950 4050 est3
973 3961 1109 4061 quippe
1126 3962 1186 4056 qui
1202 3959 1272 4039 lm·

198 4094 413 4184 peritorum
434 4071 628 4155 Ecclefirm
653 4077 942 4174 persequentium
961 4095 1069 4158 aetrte
1085 4081 1192 4156 vixit

299 4221 334 4278 o.
359 4197 510 4276 Fatetur
532 4196 690 4292 epistolar
707 4200 813 4293 hujus
829 4193 1010 4294 scriptor,
1040 4195 1149 4276 fidem
1168 4195 1268 4280 surm

197 4316 302 4398 titisse
316 4322 354 4398 iu
369 4317 517 4398 dubium
531 4333 754 4397 revocatam.
806 4371 836 4419 „
846 4316 897 4395 Et
911 4318 1023 4400 scient
1040 4320 1158 4399 emuli
1181 4316 1271 4403 fidei

1020 4461 1217 4524 ,ΜΞ
