2742 4959
154 681 214 744 ιιι
275 653 282 676 ’
327 661 364 743 8.
389 661 820 762 llrnnnrr,1’rcrnv.
844 658 1065 748 Eerscorr

154 826 307 906 nihilum
320 845 409 902 mox
429 823 559 903 cudere
575 827 774 924 ceperint,
808 825 909 923 qood
927 825 1109 927 deinceps·
1121 848 1224 908 euar-

155 948 319 1020 rrndum
1202 993 1207 1002 -

231 1063 383 1142 Revetli
402 1062 485 1144 suut
497 1062 876 1165 Constantinopolim,
900 1087 982 1148 cum
1001 1068 1158 1146 Hilarius
1172 1067 1224 1148 ibi

152 1188 294 1278 aderat,
319 1188 490 1280 operiens
506 1183 616 1284 Regin
631 1186 678 1262 de
693 1185 729 1262 se
749 1190 995 1286 voluntatem,
1019 1187 1231 1266 Ariminens

154 1307 200 1386 iis
215 1307 344 1400 synodi
352 1308 475 1405 legati,
500 1304 684 1402 Ursaciua,
709 1307 861 1404 Volens,
883 1306 1116 1408 Magdonius,
1141 1299 1236 1386 Me·¹

106 1467 110 1472 ·
154 1428 283 1527 gafius,
309 1427 436 1522 (iuius,
462 1426 633 1527 Juliiuus,
659 1423 835 1528 Optatus,
858 1429 1053 1522 Martialis,
1080 1431 1224 1524 aliique:

153 1548 186 1632 li
205 1549 268 1643 ipli
285 1549 329 1624 ad
343 1547 601 1644 Imperatorem
612 1550 685 1643 iam
702 1564 881 1626 venerant
896 1550 941 1627 ab
959 1548 1102 1624 Arianis
1118 1549 1225 1660 millis

154 1656 291 1762 ducum
310 1668 444 1744 Nicen
460 1670 498 1746 in
512 1667 669 1746 Thracia
689 1668 998 1746 Orthodoxorum
1020 1671 1146 1769 legatia
1161 1688 1224 1744 au·

154 1788 276 1880 dores
298 1787 414 1885 ltpsur
436 1787 601 1882 fuiss'ent,
634 1791 821 1865 redierunt
841 1788 1066 1884 Ariminum,
1104 1803 1146 1862 ut
1163 1809 1224 1865 ce·

153 1919 258 1983 teros
287 1907 411 1984 Patres
437 1910 737 2009 peregrinationis
761 1907 869 1984 tedio
887 1913 959 2008 jam
976 1911 1162 1988 emollitos
1183 1911 1230 1990 iu-

153 2027 251 2106 suam
269 2029 480 2108 sententiam
495 2029 758 2126 pertraherent.
809 2030 944 2130 Quod,
970 2031 1032 2106 ubi
1051 2051 1116 2126 per
1128 2029 1224 2105 frau-

152 2147 454 2244 demobtinuere,
470 2152 592 2228 denuo
599 2149 955 2244 Constantinopolim
964 2161 1223 2247 properarunt,

111 2351 113 2356 ,
152 2283 198 2346 ut
219 2271 495 2364 quamprimum
519 2270 750 2348 Constmtms
770 2270 817 2346 de
835 2271 943 2346 rebus
961 2292 984 2346 a
1002 2270 1037 2350 se
1049 2271 1225 2368 prospers

151 2391 259 2492 gestu
274 2389 411 2465 cernor
429 2386 546 2470 fieret.

205 2508 454 2611 ,Ignorabant
472 2512 612 2587 interea
626 2507 849 2604 Orientales,
877 2509 961 2604 quid
976 2507 1127 2586 Arimini
1140 2531 1225 2590 cum

153 2629 454 2708 Occidentalibur
474 2646 651 2729 ageretur.
699 2629 849 2706 Etcum
866 2642 989 2726 parter
1003 2630 1079 2708 litas
1093 2651 1223 2714 eorum
1248 2719 1249 2728 Ν

151 2753 344 2830 consortio
371 2751 658 2848 adjuvandaslrl
683 2769 762 2827 non
782 2753 1011 2845 dubitarent,
1047 2754 1249 2846 mirantun

149 2875 294 2972 legatos
313 2894 443 2950 eorum
459 2871 815 2970 Constrntinopulim
829 2868 1001 2972 inpressos
1019 2871 1090 2948 sese
1104 2873 1223 2954 stetim

150 2995 312 3095 ipsorum
327 2991 537 3068 adversariis
555 2995 762 3089 adjungere.
812 2991 932 3068 Officii
950 3007 1070 3069 tumen
1089 2993 1139 3070 sui
1150 2993 1223 3074 eus

148 3115 320 3194 Silvanus
344 3135 386 3186 se
404 3110 492 3187 socii
507 3124 658 3208 putant,
684 3124 728 3186 ut
747 3110 931 3188 manifesta
943 3114 996 3189 eis
1014 3112 1148 3191 fatiant
1159 3113 1223 3192 Se·

149 3231 338 3354 iruniensis
355 3231 483 3330 synodi
494 3230 604 3334 gertr,
628 3229 791 3310 nsiorte
803 3252 871 3331 per
882 3233 1122 3334 ignoruntium
1136 3256 1232 3335 peu--

147 3370 251 3434 cent.
1213 3415 1221 3430 .

226 3472 429 3573 lllislginrr
448 3472 668 3573 significant,
700 3474 738 3555 ss
752 3474 868 3552 totius
883 3470 1061 3571 concidi,
1085 3487 1222 3574 utpote

148 3608 299 3678 tantum
312 3594 507 3691 &amplius
521 3591 807 3694 Episcoporum,
831 3597 971 3696 lspntos
984 3594 1074 3689 elle,
1099 3611 1220 3679 tanus

147 3739 247 3794 vero
263 3737 412 3810 eorum,
445 3717 574 3810 quibus
586 3739 634 3793 ex
650 3716 779 3812 synodi
799 3717 969 3797 mandato
984 3718 1221 3818 renituntur,

147 3836 221 3917 eil'e
235 3840 462 3934 impietates,
493 3851 536 3912 ut
550 3859 610 3914 eas
627 3857 710 3914 cum
731 3834 879 3913 audisset
897 3835 1121 3937 Imperator,
1151 3838 1222 3918 n·-

148 3961 216 4040 tin
243 3958 535 4035 anathematizari
563 3958 725 4058 graviter
754 3971 961 4036 commotus
989 3957 1215 4056 preceperit.

148 4081 267 4182 Quod
296 4079 348 4154 ita
377 4078 624 4154 fraudulenter
645 4076 840 4174 prestinm
861 4073 932 4154 else
955 4089 1131 4173 monent,
1173 4091 1220 4154 ut

147 4199 265 4285 Aetio
289 4199 429 4276 nereus
452 4198 598 4275 sudore
621 4198 792 4274 damnato
807 4199 845 4273 in
861 4197 1045 4278 hominem
1066 4197 1217 4295 potius,

146 4341 257 4422 quam
270 4317 310 4398 in
331 4317 616 4400 donnnmlats
630 4317 810 4398 sententia
823 4318 1030 4418 videretur,
1054 4316 1218 4514 ideosqus

1142 4458 1165 4516 e
1246 4443 1249 4462 .
