2742 4959
929 414 931 417 ,
981 406 988 414 ι
1072 404 1077 409 ·
1177 400 1182 406 ⁴
1201 405 1210 411 -

509 657 632 777 Lib
656 691 734 762 Η
781 669 854 753 ΙΧ.
923 661 931 680 ’
1141 702 1212 776 275

139 856 262 935 ωας
279 831 1214 939 boniomestusmofficiis,ee1estetmesaurospan·

143 948 252 1035 dent,
278 941 314 1017 ἃ
330 938 367 1017 se
388 937 433 1015 td
446 957 513 1013 eos
525 940 700 1033 previum
712 938 888 1014 tribuens.
938 939 994 1014 lta
1008 940 1043 1015 δι
1059 966 1137 1036 quae
1149 946 1213 1020 sibi

140 1061 323 1145 tamquam
353 1039 493 1117 homini
517 1049 659 1113 tantum
686 1037 961 1135 deferebantur,
996 1042 1212 1138 detestatum

141 1164 263 1239 neque
278 1138 315 1218 se
336 1140 381 1217 rb
401 1139 482 1237 his,
508 1158 587 1231 quor
602 1141 681 1214 Deo
701 1137 910 1233 deputabat,
936 1139 1113 1233 professus
1128 1146 1212 1218 ulie·¹

140 1264 227 1322 num
246 1239 315 1319 est:
338 1261 421 1317 cum
437 1257 549 1315 unum
567 1241 681 1313 Deum
701 1238 840 1312 bonum
856 1239 1054 1336 confitens,
1079 1266 1121 1317 ea
1137 1240 1214 1339 ipse

139 1346 375 1438 loqueretur,
406 1354 515 1435 atque
542 1350 687 1437 egeret,
725 1357 803 1431 quae
830 1339 937 1416 unius
956 1342 1022 1416 Dei
1044 1343 1211 1429 virtum,

139 1443 336 1527 bonitatis,
362 1453 473 1533 atque
487 1450 626 1513 nuturae
644 1436 737 1513 sunt.

219 1553 276 1624 18.
301 1542 422 1640 Quam
442 1538 453 1612 i
479 1538 551 1613 ‘tur
574 1557 652 1619 nou
671 1538 845 1614 bonitatis
861 1558 998 1615 nomen
1011 1540 1210 1641 refugerit,

137 1644 197 1721 sed
219 1661 339 1734 neque
363 1660 421 1716 ma
446 1638 455 1656 ‘
541 1638 723 1715 honorem
741 1636 982 1735 recusaverit,
1017 1641 1076 1716 sed
1101 1642 1211 1721 sidem

139 1746 217 1838 eJus
277 1741 395 1836 quiin
417 1738 452 1815 se
471 1739 586 1836 nihil,
623 1736 688 1814 nist
709 1758 929 1835 corporeum
949 1740 1143 1817 &carnale
1161 1743 1212 1819 sa·

138 1844 201 1939 pui
231 1851 288 1935 et,
323 1839 501 1940 arguerim
535 1839 621 1914 hinc
646 1838 883 1936 intelligitur,
918 1841 1018 1932 quod
1041 1843 1144 1917 aliter
1165 1843 1211 1918 ad

139 1935 825 2039 Apostolormugisttomseconfitenteo
834 1939 982 2012 locutus
993 1938 1057 2033 est,
1073 1941 1210 2019 dicens:

146 2046 212 2119 Vn!
223 2065 272 2112 me
284 2047 407 2112 voraris
424 2037 621 2136 congustum,
654 2035 695 2114 6
714 2042 909 2127 Dominum,
935 2040 975 2115 ὅ
988 2039 1063 2113 berre
1079 2046 1211 2132 diciris;

133 2144 207 2235 sum
225 2144 364 2228 etenim
389 2138 518 2213 &cum
535 2136 620 2214 aiibi
636 2132 793 2212 dixisset:
820 2138 875 2211 Ne
889 2145 1050 2212 vocemini
1058 2142 1214 2244 triginti,

139 2248 216 2343 quic
231 2238 371 2340 magister
382 2237 482 2339 vester
496 2237 646 2337 corfino
657 2235 725 2336 ιβ.
764 2235 840 2311 Ubi
856 2257 939 2314 cum
955 2236 1028 2317 fide
1045 2241 1211 2339 magister

141 2340 215 2438 est,
249 2342 298 2415 ibi
321 2338 413 2416 adeo
436 2337 579 2433 laudat,
613 2350 656 2412 ut
680 2334 717 2410 ot
731 2331 949 2431 profitentur
963 2340 1037 2416 hoc
1054 2363 1210 2421 nornen:

139 2443 200 2518 hic
222 2459 314 2514 vero
337 2438 427 2513 boni
446 2435 603 2537 magistri
624 2456 761 2512 nomen
777 2457 855 2511 non
870 2441 1119 2538 recognoscit,
1146 2446 1210 2521 ubi

139 2564 209 2617 nec
225 2541 397 2619 Dominus
410 2536 614 2614 intellectus
629 2535 784 2631 est‘esse,
808 2558 878 2610 nec
889 2538 1066 2614 Christus:
1093 2540 1209 2620 solum

138 2662 251 2716 unum
271 2643 384 2717 Deum
398 2639 538 2714 bonum
551 2636 770 2730 predicans,
795 2656 875 2709 non
894 2635 929 2709 se
947 2642 1109 2732 utiquea
1130 2647 1207 2717 lieo

136 2742 343 2831 secernens,
371 2739 433 2829 qui
446 2736 683 2811 &nominum
700 2733 736 2806 se
750 2733 944 2830 professus,
970 2737 1209 2839 &Christum

138 2842 268 2916 ducem
282 2832 438 2911 thesauri
456 2832 600 2908 celestis
617 2830 794 2909 ostendat.
973 2855 977 2864 ·
1239 2899 1243 2911 .

221 2959 276 3032 19.
302 2932 442 3009 Tenuit
455 2946 576 3007 eutem
592 2932 691 3010 hunc
705 2931 841 3028 semper
857 2933 1032 3009 Dominus
1048 2931 1133 3013 fidei
1150 2960 1210 3015 ec·
1239 2995 1243 3008 .

139 3033 337 3112 cleiiasticae
352 3031 517 3128 modum,
540 3030 735 3127 utpattem
743 3034 855 3106 Deum
871 3053 983 3110 unum
996 3039 1208 3142 predicans,

138 3136 398 3213 asacrnmento
417 3130 452 3208 se
468 3131 531 3207 Dei
544 3151 623 3208 uon
638 3130 816 3226 separaret
827 3134 947 3229 unius,
971 3136 1054 3211 dum
1071 3160 1136 3233 per
1149 3163 1210 3215 na·

138 3253 256 3313 turam
277 3232 478 3308 nativitatis
502 3253 623 3325 neque
645 3232 752 3308 alium
778 3228 814 3307 se
834 3233 947 3309 Deum
973 3233 1210 3329 profiteretur

139 3335 226 3432 esse,
251 3353 371 3430 neque
384 3331 515 3428 ipsum:
541 3333 624 3426 quia
633 3351 715 3407 eum
726 3353 795 3407 nec
805 3332 935 3410 diversi
945 3340 1085 3434 generis
1096 3345 1208 3419 Deum

137 3437 211 3513 esse
233 3450 362 3513 nature
381 3434 420 3509 in
441 3455 489 3509 eo
511 3434 617 3507 unius
637 3432 700 3507 Dei
715 3432 871 3527 patitur,
904 3453 1023 3526 neque
1035 3441 1207 3518 nativitas

140 3537 297 3612 admittit
315 3555 393 3609 non
415 3531 613 3629 perfectum
637 3535 672 3608 ei
690 3530 779 3624 esse,
807 3534 906 3626 quod
928 3529 1020 3608 filius
1039 3537 1100 3614 est.
1152 3544 1209 3618 lte

138 3655 210 3710 nec
229 3633 431 3728 separabilis
448 3654 469 3708 a
487 3638 564 3710 Deo
584 3630 805 3725 potestesse,
830 3650 950 3725 neque
967 3632 1040 3729 ipse
1050 3637 1112 3713 est.
1139 3640 1209 3716 Per

140 3734 241 3827 quod
254 3736 304 3806 itu
319 3751 463 3809 omnem
471 3732 643 3809 sermonis
653 3729 703 3805 sui
711 3727 1005 3828 significationem
1016 3751 1209 3837 temperat,

140 3847 207 3928 ut,¹
224 3831 395 3927 quidquid
410 3837 488 3910 Deo
504 3832 595 3927 patri
610 3830 763 3905 honoris
775 3832 1050 3931 protestaretur,
1077 3842 1111 3912 id
1129 3862 1208 3915 mo·

140 3931 324 4009 destiffima
349 3932 568 4010 confeffione
590 3932 698 4007 etiem
725 3930 788 4007 sibi
810 3936 1000 4028 'proprium
1018 3937 1088 4012 esse
1104 3962 1209 4015 mon·

103 4064 110 4080 ’
139 4034 280 4111 straret.
337 4030 430 4111 Cum
453 4032 637 4109 enimait:
677 4030 862 4109 Creditum
885 4042 1007 4117 Deum,
1043 4038 1082 4113 0
1103 4047 1141 4109 in
1160 4066 1209 4115 me

140 4139 277 4229 tretium
309 4151 453 4227 quaero,
478 4134 608 4226 inquo
629 4124 665 4205 se
681 4133 720 4206 in
738 4146 866 4207 natura
885 4134 1117 4233 discreverit,
1144 4142 1207 4235 qui

141 4253 221 4310 non
235 4232 406 4308 discrevit
420 4234 457 4308 in
479 4230 649 4309 honores
673 4234 803 4309 Dicens
821 4235 936 4310 enim:
965 4239 1012 4308 Er
1027 4243 1064 4308 in
1086 4266 1209 4315 meere·

141 4334 231 4435 dire,
264 4354 345 4413 cum
362 4331 517 4411 dixisset:
552 4333 600 4410 Er
616 4335 780 4513 insnum
796 4336 936 4428 erudite,
958 4356 1061 4413 nnuc
1074 4337 1240 4500 menig,

659 4519 662 4524 .
694 4458 720 4516 2
1094 4452 1179 4525 W
