2742 4959
191 643 267 752 πός’
358 649 434 731 “8.
460 599 662 730 litania
692 673 751 730 nn
780 631 1060 732 Tutunann'
1117 639 1119 646 ’

189 809 255 896 ille
276 815 372 891 enim
400 811 446 890 ad
464 814 707 908 incorporalis
733 814 934 890 nativitatis
955 816 1081 893 retulit
1102 831 1267 900 nomen-t

190 909 689 1016 quitreligloprolitendifibi
703 929 841 1012 patrem
849 914 983 1009 Deum,
1010 938 1056 991 ex
1065 917 1264 998 diletttoue

190 1009 342 1109 Christi,
372 1015 435 1110 qui
461 1033 579 1093 exeo
599 1014 834 1112 genitus'est,
870 1016 913 1090 sit
931 1019 1110 1094 merenda.
1162 1020 1269 1116 Nam,

189 1137 276 1194 tum
291 1117 358 1192 nit:
383 1117 456 1210 Qui
470 1137 519 1186 m
534 1115 614 1204 alit,
640 1113 681 1190 U
699 1131 939 1212 palm-mm
950 1121 1037 1204 odiu·
1063 1144 1161 1190 meum
1174 1141 1265 1208 eim

191 1218 264 1312 ait,
289 1213 585 1290 communionem
599 1214 759 1290 nominis
779 1235 843 1312 per
859 1214 1155 1314 fignificationetn
1174 1241 1265 1317 pto·

237 1315 354 1392 'etatn
379 1312 540 1391 exclusst.
592 1313 770 1391 Caeterum
788 1313 1023 1411 profitentem
1036 1318 1097 1392 fibi
1117 1317 1264 1400 Patrem

250 1437 325 1509 om,
351 1411 523 1504 &senon
538 1411 761 1514 diligentem,
787 1419 825 1491 in
837 1419 977 1508 paterni
988 1421 1147 1494 nominis
1161 1418 1261 1495 usur·

169 1515 340 1614 'petione
357 1513 599 1603 condemnat
624 1516 726 1611 quit,
752 1518 812 1608 qul
830 1515 865 1590 se
883 1516 984 1611 odit,
1011 1519 1132 1592 oderit
1149 1519 1260 1595 &Pa-

187 1629 303 1707 πως
328 1634 399 1688 nec
416 1615 455 1688 in
470 1611 590 1688 Deum
601 1629 740 1718 patrem
755 1616 798 1691 fit
811 1615 1009 1713 religiosus,
1035 1621 1095 1710 qui
1113 1639 1190 1694 non
1203 1620 1258 1693 di·

188 1716 277 1816 ligat
295 1711 446 1814 Filinm3
490 1733 579 1788 cum·
596 1714 766 1813 diligendi
790 1713 869 1790 Filii
893 1737 970 1790 non
993 1720 1059 1791 alia
1076 1718 1178 1792 causa
1192 1718 1271 1814 lit,-

189 1835 298 1910 qonm
312 1812 626 1909 qoodexDeolit
676 1812 735 1889 Ex
748 1813 833 1890 Deo
847 1816 957 1912 igitur
968 1815 1079 1890 Filius
1089 1816 1151 1898 est,
1177 1840 1258 1895 non

189 1913 364 1994 :evento
390 1913 449 1988 se'd
460 1913 672 1990 nativitate:
695 1914 890 1991 &dileetio
907 1917 945 1991 in
958 1917 1100 1993 Patrem
1113 1920 1173 1993 hie
1186 1921 1259 1995 etit

143 2095 147 2104 ,
188 2015 327 2092 omnis:
350 2013 376 2089 li
390 2011 502 2090 Filius
519 2034 565 2089 ex
582 2035 631 2090 eo
646 2012 719 2092 elle
736 2015 917 2092 credatur.

125 2120 128 2130 '
264 2134 324 2212 31.
349 2111 520 2190 Testatur
536 2113 611 2190 hoc
627 2113 807 2192 Dominus
823 2117 964 2192 dicens:
990 2121 1070 2192 Non
1087 2119 1258 2191 lemva-

188 2215 258 2298 δὴ,
279 2219 429 2315 pamm
443 2239 494 2311 ego
509 2217 616 2310 regalo
633 2219 764 2290 Patren
772 2238 831 2314 pn
845 2218 952 2291 volis:
978 2218 1040 2313 ipse
1052 2224 1138 2289 mim
1157 2223 1259 2291 Pater

186 2332 277 2390 mat
292 2337 370 2402 nos,
401 2319 623 2412 quatiemus
638 2339 688 2388 me
703 2320 842 2403 amotis,
867 2317 908 2393 U
923 2321 1072 2408 creditis,
1106 2324 1263 2414 quoniam

187 2441 271 2513 egon
287 2419 469 2501 Detexivi,
493 2410 534 2490 θ
549 2440 571 2486 a
587 2417 687 2486 Patre
699 2411 781 2487 veni
789 2420 827 2485 in
837 2415 924 2486 hum
933 2417 1092 2488 mundum.
1143 2412 1256 2488 Caret

187 2516 282 2612 apud
290 2514 431 2590 Patrem
448 2512 705 2590 intercellionis
719 2514 924 2588 necellitate
937 2514 1094 2606 perfeila
1104 2512 1148 2585 de
1157 2513 1261 2587 Filio

185 2614 291 2712 fides,
316 2633 408 2708 que,
435 2614 534 2707 quod
552 2613 671 2687 aDeo
685 2616 826 2705 exierit,
853 2614 989 2697 credat,
1016 2628 1123 2705 atque
1139 2629 1255 2688 amet:

185 2717 222 2793 ἀ
241 2737 309 2812 per
324 2716 359 2790 se
376 2711 449 2809 ipsa
459 2714 531 2808 jam
546 2714 580 2788 ἃ
598 2714 711 2788 audiri
725 2727 899 2807 meretur,
924 2714 958 2786 ἃ
979 2717 1102 2806 amari,
1128 2729 1256 2789 natum

186 2840 233 2892 ex
251 2818 341 2894 Deo
353 2814 506 2909 Filium,
539 2812 748 2907 miliumque
770 2813 937 2888 confessa.
986 2814 1170 2888 Nativitas
1190 2815 1254 2886 ita·

111 2947 116 2954 ·
186 2938 261 3010 que
283 2918 385 3010 ejus,
421 2915 658 2989 &adventus
686 2914 886 2990 ostenditur
907 2934 988 2988 cum
1004 2913 1253 2988 absolutilfima
1289 2945 1291 2953 v

184 3015 423 3115 significandae
437 3016 669 3109 proprietatis
688 3016 855 3091 veritate.
905 3019 939 3088 A
955 3019 1032 3101 Deo,
1058 3016 1122 3105 ait,
1147 3019 1259 3098 exivi,-

183 3139 236 3190 ne
252 3117 289 3190 in
307 3136 354 3190 eo
371 3114 459 3206 alia,
494 3133 599 3205 quam
618 3115 818 3186 nativitatis
836 3127 963 3188 natura
986 3112 1055 3186 else
1077 3113 1254 3187 existima·

184 3232 306 3290 retur:
334 3232 416 3287 com
431 3212 530 3285 exite
550 3232 570 3284 a
587 3210 695 3293 Deo,
720 3211 757 3284 id
775 3212 849 3307 est,
876 3235 922 3287 ex
941 3214 1131 3285 nativitate
1147 3211 1253 3287 subst-

179 3315 300 3408 stete,
332 3312 416 3406 quid
446 3309 564 3404 aliod,
600 3332 704 3404 quam
725 3310 826 3386 Deos
850 3310 997 3405 pollet?
1034 3313 1082 3382 Et
1099 3341 1119 3382 a
1137 3316 1256 3400 Patre,

183 3417 323 3509 inquit,
355 3416 434 3483 veni
456 3417 494 3481 in
517 3413 605 3482 hunc
628 3413 791 3487 mundum.
842 3412 897 3485 Ut
914 3412 1026 3484 exitio
1048 3412 1106 3483 illa
1127 3433 1146 3483 a
1164 3411 1255 3485 Deo

184 3516 355 3591 nativitas
375 3509 568 3610 fignificata
585 3510 654 3586 elle
670 3514 932 3608 intelligeretur
951 3532 995 3583 ex
1012 3508 1130 3601 Patre,
1156 3510 1259 3584 aPa·

115 3645 121 3662 ·
183 3629 246 3689 tre
258 3613 339 3688 sein
351 3614 627 3688 huncmundunt
637 3612 813 3707 profellus
825 3611 875 3685 est
886 3608 1032 3685 venille.
1084 3611 1253 3686 Alterum

181 3715 356 3807 itaquein
371 3712 651 3807 dispensatione,
685 3714 840 3786 alterum
856 3712 896 3784 in
908 3727 1033 3784 natura
1054 3710 1117 3785 est.
1167 3710 1257 3785 Nec

159 3818 319 3914 patitur
337 3816 535 3887 exitionem
549 3814 748 3887 adventum
763 3812 963 3902 existimati,
991 3832 1071 3885 cunt
1082 3810 1165 3903 post
1177 3813 1254 3887 exi-

182 3917 360 3990 tionem-a
378 3912 477 4005 Deo,
502 3913 700 3987 adventum
719 3926 978 3986 commemorat
1000 3933 1022 3983 a
1040 3911 1158 3984 Patre.
1212 3910 1252 3984 A

181 4013 293 4090 Patre
305 4015 402 4110 enini.
417 4010 573 4104 venille,
598 4012 632 4084 ἀ
650 4033 696 4085 ex
716 4013 800 4085 Deo
814 4009 935 4092 exille,
961 4031 1037 4082 non
1055 4010 1106 4084 est
1121 4008 1248 4107 signifi-

183 4116 339 4189 cationis
356 4111 533 4205 ejuedem:
569 4112 603 4184 &
619 4126 789 4204 quamam
805 4111 895 4186 inest
913 4108 1031 4204 nasci,
1055 4105 1250 4205 &.³d²ff²‚

180 4211 569 4305 tantumaientenque
578 4212 693 4285 sermo
703 4210 924 4285 discernitur.
976 4209 1066 4284 Cum
1077 4208 1169 4281 alind
1182 4204 1242 4298 fit,

166 4333 191 4388 a
212 4309 307 4393 Deo
325 4315 368 4392 in
386 4309 617 4394 &bizonen
633 4313 835 4392 nativitato
854 4307 982 4404 existe,
1013 4304 1193 4481 aliudpest⁹
1222 4329 1249 4382 a

98 4471 107 4482 s
1121 4419 1199 4482 alte

280 4685 413 4725 A
