2742 4959
584 511 589 520 .
705 493 710 502 ¹
880 481 882 486 Ι
909 497 933 528 χ
1111 477 1116 490 ⁸
1293 543 1296 548 Ι

178 617 202 702 8
378 611 415 692 S.
447 611 643 690 Hrnaarr
673 633 733 690 nr
763 611 1040 690 Tarnrrarr

185 798 257 872 que
270 773 456 852 infinitatis
472 791 656 872 parentem
671 778 767 851 intra
784 773 954 873 angustias
970 777 1196 853 metallorum
1211 778 1249 854 dr

184 876 802 972 lapidumustipitumcoarstabaot.
825 939 831 957 .
853 875 1083 972 Dignumque
1089 878 1249 970 jamnon

184 993 286 1072 erat,
314 976 478 1052 audores
492 989 559 1052 eos·
576 977 740 1051 veritatis
761 975 946 1071 exsistere,
972 979 1031 1068 qui
1049 979 1250 1054 ridicula&

183 1077 283 1156 foeda
312 1079 346 1153 dr
371 1077 567 1174 irreligiosa
581 1075 774 1166 sedantes,
799 1075 960 1170 ipsisillis
977 1078 1252 1156 inanissimarum

92 1245 95 1250 .
183 1177 441 1256 sententiarum
457 1176 594 1253 suarum
611 1178 843 1269 opinionibus
854 1175 1063 1254 dissiderent.
1115 1177 1186 1252 Sed
1199 1180 1254 1254 in·

187 1293 246 1353 ter
267 1279 343 1352 hac
362 1279 498 1382 animus
512 1275 709 1370 sollicitus,
744 1278 824 1352 utili
840 1297 882 1352 ac
898 1276 1088 1351 necessaria
1103 1279 1145 1351 ad
1163 1298 1252 1376 cog·

179 1379 366 1454 -nitionem
383 1377 533 1454 Domini
548 1376 597 1452 sui
613 1380 674 1451 via
689 1379 822 1470 nitens,
850 1397 931 1451 curn
946 1398 1063 1468 neque
1079 1379 1254 1454 incuriam

186 1475 275 1554 Deo
293 1498 412 1554 rerum
427 1499 448 1553 a
467 1475 503 1554 se
517 1478 743 1552 conditarum
757 1476 898 1574 dignam
914 1475 982 1551 elle
998 1478 1253 1572 arbitraretur,

187 1598 310 1670 neque
333 1593 468 1652 nature
496 1579 641 1671 potenti
671 1592 779 1669 atque
804 1577 1023 1670 incorrupta
1040 1592 1254 1672 competere

187 1676 294 1752 sexus
320 1677 508 1771 Deorum,
542 1676 826 1753 &successiones
853 1676 1009 1752 satorum
1029 1692 1136 1769 atque
1150 1693 1255 1753 orto·

94 1773 97 1778 ’
188 1779 533 1876 rum-intelligeret:
567 1799 683 1874 porro
710 1792 828 1866 autem
855 1776 1016 1852 divinum
1032 1778 1066 1850 dr
1081 1792 1256 1855 eternum

188 1878 281 1954 nihil
297 1877 359 1966 nifi
375 1899 485 1968 unum
504 1875 573 1952 esse
594 1876 935 1971 &indifferenspro
953 1892 1056 1951 certo
1072 1879 1254 1971 habebat,

191 1978 276 2072 quia
289 1971 348 2069 id,
385 1978 485 2069 quod
505 1977 567 2054 libi
585 1977 703 2072 adid,
740 1977 839 2070 quod
854 1974 964 2069 effet,
1000 1977 1123 2052 auctor
1144 1974 1258 2060 esset,'

190 2077 282 2156 nihil
295 2075 436 2152 necesse
455 2076 507 2154 est
521 2090 623 2152 extra
641 2075 700 2171 se,
727 2078 826 2170 quod
844 2075 894 2151 sui
910 2077 997 2151 esset
1009 2078 1258 2171 prestantius,

189 2176 391 2268 reliquisse:
423 2179 532 2269 atque
555 2178 608 2251 ita
628 2178 931 2272 omnipotentiam
948 2180 1259 2268 aternitateinque

189 2297 271 2352 non
285 2276 347 2348 nisr
368 2297 478 2368 penes
492 2297 604 2350 unum
622 2275 714 2366 esse;
741 2278 824 2369 quia
839 2298 956 2367 neque
975 2277 1013 2350 in
1029 2278 1259 2373 omnipoten-

191 2377 245 2454 tia
257 2374 431 2468 validius,
457 2372 717 2468 infirmiusque,
741 2397 860 2468 neque
875 2377 912 2451 in
929 2379 1128 2450 aeternitate
1140 2374 1259 2470 poste·

114 2541 119 2556 ‚
191 2475 292 2568 rius,
318 2475 527 2550 anteriusve
543 2492 783 2571 congruerem
809 2477 845 2548 in
861 2475 948 2549 Deo
964 2491 1081 2550 autem
1096 2477 1179 2550 nihil
1193 2475 1262 2551 nisi

165 2602 168 2608 ¹
191 2589 366 2650 aternum
384 2589 589 2670 potensque
606 2573 675 2654 effe
694 2576 952 2651 venerandum.
1008 2593 1011 2602 ·

269 2695 304 2766 5.
330 2675 420 2750 Haec
434 2676 563 2774 igitur,
589 2677 772 2768 multaque
791 2677 858 2749 alia
872 2676 1075 2767 hujusmodi
1092 2697 1171 2748 cum
1186 2676 1263 2750 ani·

192 2797 256 2854 mo
273 2788 465 2871 reputans,
490 2775 599 2850 incidi
616 2777 654 2852 in
671 2798 736 2850 eos
751 2777 885 2869 libros,
913 2797 1004 2867 quos
1020 2799 1038 2848 a
1058 2772 1188 2867 Moyse
1209 2788 1264 2850 at-

196 2897 268 2968 que
289 2877 515 2971 aprophotis
530 2873 684 2972 scriptos
703 2874 772 2951 elle
795 2875 1034 2950 Hebraeorum
1050 2877 1176 2972 religio
1192 2891 1265 2948 tra-

195 2976 325 3049 debat:
357 2977 396 3049 in
421 2977 548 3067 quibus
572 2974 648 3069 ipso
672 2991 840 3050 creatore
857 2975 941 3049 Deo
972 2975 1124 3049 testante
1142 2977 1186 3047 de
1203 2974 1263 3068 se,

192 3073 275 3150 haec
290 3074 342 3148 ita
355 3074 656 3148 continebantur:
687 3077 752 3169 Ego
768 3077 849 3167 sum,
876 3082 931 3172 qui
944 3074 1030 3167 firm:
1058 3075 1091 3147 ἀ
1107 3073 1264 3149 rursum:

93 3189 98 3216 ¹
198 3174 466 3262 Haecdicesfiliis
488 3171 605 3262 lsrael:
640 3175 738 3268 Mifit
753 3200 799 3246 me
812 3177 852 3245 ad
866 3200 921 3244 aas
936 3182 983 3259 is,
1019 3176 1137 3272 quiefl.
1190 3175 1267 3248 Ad·

194 3273 344 3349 miratus
363 3271 436 3347 sum
452 3273 557 3366 plane
575 3285 647 3346 tarn
661 3274 859 3347 absolutam
878 3274 922 3346 de
937 3274 1023 3348 Deo
1037 3271 1266 3369 significatio·

193 3393 301 3464 nem,
336 3393 414 3465 quae
432 3388 567 3446 naturae
583 3372 713 3454 divina
731 3374 1122 3465 incomprehensibilem
1139 3374 1267 3468 cogni·

195 3473 340 3546 tionem
358 3471 531 3567 aptissimo
553 3472 597 3545 ad
613 3473 884 3568 intelligentiam
900 3474 1086 3548 humanam
1101 3472 1269 3548 sermone

193 3573 421 3662 loqueretur.
484 3572 576 3646 Non
595 3575 689 3648 enim
709 3575 801 3647 aliud
822 3575 1006 3666 proprium
1027 3576 1135 3669 magis
1156 3572 1270 3669 Deo,

194 3670 413 3765 quamodo,
438 3673 670 3770 intelligitur3
698 3674 780 3766 quia
792 3673 828 3746 id
841 3672 971 3767 ipsum,
999 3671 1175 3764 modest,
1203 3695 1270 3748 ne·

196 3791 268 3864 que
291 3771 483 3847 definentis
509 3771 560 3846 est
580 3775 792 3864 aliquando,
827 3795 945 3864 neque
964 3774 1089 3866 coepti:
1125 3770 1183 3845 sed
1203 3772 1270 3860 id,

198 3871 298 3964 quod
320 3892 402 3974 cuin
420 3875 641 3968 incorrupte
655 3871 885 3948 beatitudinis
902 3872 1080 3964 potestate
1096 3886 1272 3966 perpetu·

196 3991 259 4046 um
283 3969 354 4063 est,
391 3993 469 4044 non
490 3973 614 4064 potuit
635 3988 697 4046 atrt
710 3973 851 4066 poterit
867 3973 1058 4063 aliquando
1077 3994 1151 4046 non
1172 3970 1270 4063 esle3

198 4073 282 4164 quia
296 4071 457 4146 divinum
475 4092 584 4145 omne
598 4092 716 4164 neque
730 4072 945 4162 abolitioni,
971 4095 1089 4165 neque
1110 4071 1269 4145 exordio

199 4172 401 4246 obnoxium
420 4169 481 4246 est.
533 4169 679 4246 Etcum
699 4175 735 4247 in
756 4173 857 4246 nullo
880 4171 949 4246 ase
968 4171 1036 4245 Dei
1063 4173 1150 4246 desit
1165 4187 1272 4245 ater-

197 4273 314 4360 nitas3
342 4272 448 4371 digne
467 4272 541 4346 hoc
557 4270 692 4368 solunt,
719 4272 817 4366 quod
832 4271 919 4371 esset
932 4275 974 4351 ad
984 4271 1202 4372 potestatem
1215 4273 1272 4352 iu·

197 4387 381 4476 corruptae
404 4369 472 4451 sua
488 4374 698 4452 aternitatis
714 4371 882 4453 ostendit„
1103 4374 1139 4448 6.
1165 4368 1218 4448 Et

318 4685 421 4717 ,ι’-ἰ
