2742 4959
231 603 235 614 ¹
397 575 847 702 =Lr'nrran.
1161 635 1207 722 87

130 793 214 888 est,
250 790 278 868 sr
309 788 512 865 testimonia
532 791 609 884 ejus
631 789 903 883 improbentur:
928 800 1012 882 aut,
1038 786 1119 863 fiut
1140 787 1207 884 eil,

133 895 242 970 Deua
277 892 457 982 creditur,
495 911 573 965 non
586 889 708 984 potest
727 891 828 966 aliter
847 887 893 966 de
916 909 990 979 eo,
1029 908 1133 982 quam
1159 901 1203 964 ut

135 993 215 1085 ipse
230 993 275 1070 de
293 992 328 1067 se
346 990 513 1083 testatur,
538 990 701 1087 intelligi.
755 987 1035 1080 Cellentitaque
1050 991 1205 1083 propriae

135 1096 324 1170 hominurn
344 1094 561 1185 opiniones,
586 1087 872 1190 nequeseultra
891 1090 1049 1168 divinam
1073 1089 1206 1164 eonsti-

133 1196 317 1268 tutionem
333 1190 846 1284 humanajudiciaertendant.
897 1189 1084 1282 Sequimur
1098 1209 1203 1286 ergo,

132 1293 304 1369 adversus
319 1293 543 1389 irreligiosas
570 1291 605 1368 dt
627 1292 751 1384 impias
776 1291 822 1366 de
839 1288 1202 1384 Deninstirutiones,

131 1394 223 1488 ipsas
239 1396 317 1467 illas
335 1393 543 1468 divinorum
556 1387 733 1466 illitorum
751 1389 1000 1466 audiorit'ates:
1028 1389 1201 1465 &unum-

131 1496 306 1586 quodque
319 1514 366 1568 eo
383 1489 490 1585 ipso,
509 1491 555 1566 de
570 1512 645 1586 quo
661 1493 850 1584 quaeritur,
877 1489 1024 1564 aridiore
1038 1489 1201 1570 turlebi

126 1615 233 1687 mus,
256 1615 334 1666 non
350 1591 393 1665 ad
408 1593 623 1684 fallendam,
651 1590 685 1666 ὰ
705 1592 798 1668 male
812 1592 1038 1666 imbuendam
1055 1593 1201 1692 audien}

125 1696 220 1768 tiurn
254 1694 467 1787 imperitiam
501 1693 670 1785 quasdem
701 1694 898 1768 verborum
919 1692 1198 1766 enunciationer

124 1791 313 1868 subtractis
324 1792 804 1885 eorumcausrscoeptantes.
846 1793 1197 1888 lntelllgentiaenin

126 1891 307 1968 ditiorum
332 1915 379 1965 ex
405 1892 515 1966 ceusu
536 1891 588 1966 est
608 1891 810 1966 assumenda
831 1892 992 1964 dicendi:
1019 1891 1195 1983 quianon

121 1992 283 2068 sermoni
307 2012 388 2082 res,
428 1989 489 2064 sed
517 1993 571 2064 rei
595 1991 646 2066 est
671 1989 787 2066 senno
816 1989 1003 2082 snbjeiius.
1056 1989 1196 2066 Verunr

123 2092 251 2166 omnia
270 2090 375 2164 editis
390 2090 504 2183 simul,
529 2089 719 2164 &dicendi
738 2090 863 2184 erusrs,
890 2088 1109 2164 &didiorum
1123 2090 1197 2160 vir·

123 2191 267 2264 tutibus
276 2188 540 2287 prosequemur.
591 2188 1195 2290 Igiturlingulasecundunrpropo·

123 2291 264 2365 litionis
284 2291 447 2365 ordinem
460 2289 710 2368 retrudentur.
776 2353 778 2358 .
886 2379 888 2384 ¹

201 2413 257 2479 15·
283 2389 466 2466 Nanrhoe
480 2411 609 2474 eorum
625 2393 823 2488 principale
837 2391 906 2468 eli:
932 2398 1114 2485 Novimus,
1139 2393 1191 2474 in÷

123 2493 271 2583 quiunt,
298 2517 395 2564 uuum
404 2495 504 2584 serlum
524 2499 649 2586 Deum,
676 2496 790 2587 Moyse
809 2497 951 2567 dicente:
977 2498 1065 2568 Audi
1078 2493 1190 2585 Israel,

123 2598 286 2664 Dominus
316 2598 407 2666 Deus
430 2611 505 2664 taus
526 2618 610 2664 amr
631 2594 680 2688 ιβ.
730 2593 802 2668 Sed
823 2594 996 2685 numquid
1015 2594 1075 2667 hic
1096 2592 1190 2685 quis·

123 2713 229 2784 quarn
244 2692 314 2765 fuit
330 2693 430 2766 ausus
445 2691 653 2788 ambigere?
679 2691 758 2765 Aut
769 2713 935 2782 umquam
953 2695 1086 2766 alitera
1100 2687 1194 2782 quo-¹

121 2813 228 2883 quam
248 2813 373 2866 eorum
388 2791 620 2883 praedicatum
636 2788 731 2882 ess‘e,
763 2790 823 2883 qui
837 2789 957 2866 Deum
974 2789 1188 2880 crederent,

118 2892 309 2983 cognitum
327 2890 397 2979 est,
430 2889 493 2962 nifi
507 2909 617 2963 unum
633 2887 754 2963 Deum
770 2886 861 2972 elie,
888 2911 1023 2983 exque
1043 2891 1188 2984 omnia,

116 3010 228 3062 unam
249 2990 424 3062 virtutem
438 2987 712 3083 innascibilem,
738 2989 897 3064 &unam
916 2990 1011 3065 hanc
1031 2989 1101 3066 else
1113 2989 1187 3066 stne

117 3090 226 3163 initio
246 3085 492 3183 potestatem?
514 3085 585 3163 Sed
601 3108 679 3164 non
697 3109 762 3182 per
775 3089 833 3182 id,
858 3091 959 3184 quod
972 3090 1073 3166 Deus
1092 3109 1188 3166 unua

118 3188 189 3283 est,
223 3188 295 3262 Dei
313 3186 390 3263 filio
407 3189 558 3281 accidit,
590 3188 712 3286 negari
728 3187 851 3284 polle,
881 3191 980 3283 quod
999 3190 1101 3266 Deus
1123 3188 1186 3270 est.

117 3288 267 3383 Moyses
285 3310 462 3382 namque,
489 3292 550 3364 vel
566 3291 690 3384 potius
709 3288 811 3364 Deus
828 3312 893 3384 per
906 3289 1090 3384 Moysem,
1117 3310 1185 3384 poa

116 3393 205 3485 pulo
222 3391 255 3462 dr
273 3393 310 3464 in
328 3388 518 3488 AEgypto,
551 3389 638 3464 &in
652 3387 795 3464 deserto
816 3389 922 3464 idolis
941 3391 976 3463 dt
994 3390 1184 3481 Deorum,
1202 3466 1206 3477 ,

116 3503 160 3562 ut
177 3493 373 3583 putabant,
410 3491 646 3586 religionibus
667 3503 873 3584 occupato,
905 3490 980 3564 hoc
998 3490 1185 3566 constituit

117 3590 313 3684 principale
327 3591 556 3682 mandatum,
593 3603 638 3662 ut
651 3610 765 3664 unum
787 3589 906 3662 Deum
924 3590 1106 3666 crederet:
1148 3590 1184 3668 dt

112 3707 207 3762 vere
227 3710 268 3760 ec
289 3694 420 3764 merito
444 3690 641 3764 constituit
692 3688 798 3762 Unus
818 3687 870 3762 est
885 3693 977 3764 enim
993 3689 1110 3770 Deus,
1136 3711 1183 3766 ex

114 3807 191 3881 quo
225 3791 355 3864 omnia.
414 3789 485 3863 Sed
510 3789 716 3881 videamus,
755 3789 910 3864 enidem
930 3789 1081 3884 Moyses
1099 3810 1183 3864 eum

114 3906 284 3980 quoque,
310 3909 374 3980 per
394 3909 500 3980 quem
521 3887 755 3985 omniasunt,
781 3888 902 3966 Deum
914 3888 985 3965 elle
998 3887 1180 3964 conieiius

112 3987 167 4064 fit.
221 3985 313 4060 Non
332 3986 426 4062 enirn
444 3989 540 4063 Patri
556 3990 742 4083 adimitur,
770 3991 868 4082 quod
883 3989 987 4064 Deus
999 4011 1092 4064 unus
1115 3987 1182 4080 est,

114 4086 241 4180 quia&
254 4087 364 4161 Filius
379 4085 542 4165 Deuslit.
591 4085 656 4163 Est
671 4092 764 4164 eninr
780 4090 882 4164 Deus
897 4113 943 4164 ex
960 4090 1060 4178 Deo,
1087 4083 1182 4161 uuus

113 4209 161 4260 ex
182 4210 278 4260 uno:
305 4188 354 4260 ob
371 4187 407 4260 id
422 4209 513 4262 unus
527 4189 643 4280 Deus,
671 4192 753 4282 quia
768 4212 813 4264 ex
827 4189 863 4266 se
876 4189 989 4266 Deus.
1040 4186 1181 4262 Contra

108 4307 205 4365 vero
224 4310 301 4368 non
315 4289 432 4366 minus
447 4307 514 4387 per
530 4289 568 4366 id
583 4287 694 4463 Filius
708 4289 831 4389 Deru,
857 4290 939 4386 quir
951 4289 1058 4366 Pater
1076 4287 1182 4370 Deua

665 4412 691 4484 4
1033 4407 1127 4465 unus
