2742 4959
513 637 834 718 Scarrra.
1129 643 1262 720 uxv'

131 797 496 904 gbconsentmeum,
522 799 1099 897 primoetiamtentavitHilariua,
1125 825 1208 885 cunr

133 921 266 998 libeiio
293 920 380 994 dato
405 920 620 997 audientiam
635 923 679 995 ab
694 921 918 1018 Imperatore
931 925 1209 1001 reverentissime

133 1037 335 1140 poposcit,
370 1039 637 1136 spoponditque
659 1038 716 1136 se,
751 1042 775 1116 sr
799 1046 905 1137 copia
926 1046 970 1116 de
996 1042 1067 1120 fide
1085 1064 1209 1122 coram

133 1160 215 1258 ipso
234 1157 436 1254 disputandi
452 1121 514 1235 sibi
529 1157 647 1255 fieret,
673 1161 748 1254 pari
766 1166 971 1237 reverentia
985 1167 1206 1238 locuturum.

134 1283 187 1356 At
202 1301 285 1356 non
304 1281 465 1353 obtinuit
481 1280 589 1372 iliud,
623 1302 696 1372 quo
715 1281 857 1354 nutanti
876 1280 1062 1376 Ecclefiae,
1097 1279 1207 1357 illaeso

134 1396 294 1497 Augusti
316 1402 485 1492 nornine,
521 1400 723 1475 consultum
748 1381 978 1494 peroptasset.
1039 1402 1209 1478 Restabat

134 1522 248 1618 igitur
271 1521 444 1612 alterum,
477 1538 539 1613 ut,
573 1540 654 1593 cum
676 1521 799 1614 lupum
816 1539 960 1615 arcere,
993 1536 1209 1596 autmutare

133 1661 216 1716 non
236 1642 403 1732 valeret,
435 1658 528 1713 oves
544 1637 712 1720 adversus
728 1639 823 1713 illius
841 1639 979 1714 insidias
996 1639 1116 1716 saltem
1132 1662 1210 1716 nru-

134 1763 217 1836 nire
235 1773 447 1834 conaretur.
499 1759 532 1832 Is
548 1757 599 1832 cst
615 1772 716 1834 totua
732 1761 836 1854 hujus
852 1761 932 1834 libri
950 1761 1091 1854 scopus.
1141 1759 1209 1836 Illo

134 1881 237 1955 enirn
266 1899 342 1950 non
365 1879 407 1951 ad
428 1875 704 1973 Constantium,
734 1880 922 1955 insultandi
945 1885 976 1954 ei
994 1879 1116 1972 causa,
1149 1880 1209 1955 sed

135 2001 183 2075 ad
197 1997 417 2074 catholicos
437 1998 630 2073 instruendi
647 1999 911 2074 &exhortandi
929 2002 1041 2097 gratia
1056 1998 1209 2074 arrectus

242 2234 432 2329 Atsernro,
458 2237 638 2332 inquiunt,
664 2238 936 2316 vehementiori
961 2238 1122 2335 Frigidus
1133 2236 1210 2312 sur·

135 2373 176 2434 te
192 2358 289 2452 nibil
307 2358 533 2452 profecisset,
559 2360 620 2432 ubi
639 2358 840 2452 persecutio
858 2361 1113 2436 incalescebat:
1139 2380 1209 2434 nec

138 2479 215 2554 stne
242 2475 404 2554 clamore
429 2482 567 2553 auditus
589 2478 706 2552 fuisset
732 2483 775 2553 ab
797 2482 864 2575 iis,
900 2503 1054 2574 quorum
1072 2482 1209 2553 animos

135 2601 211 2693 iam
226 2600 458 2694 perturbarat
474 2602 598 2696 ingens
617 2599 813 2675 edictorum
824 2600 1022 2675 Constantii
1032 2597 1211 2688 strepitus.

244 2716 285 2791 Si
301 2732 419 2792 autem
439 2719 653 2812 vehemens,
679 2743 756 2795 non
774 2724 898 2795 debuit
919 2736 1018 2791 certe
1035 2716 1103 2789 esse
1123 2736 1214 2818 con·¹

141 2835 376 2915 tumesiosue:
409 2858 479 2912 nec
508 2840 684 2915 moderati
710 2840 814 2912 animi
836 2836 905 2911 eise
930 2850 1079 2933 putant,
1112 2833 1213 2928 quod

143 2956 398 3035 Constantium
418 2979 495 3030 non
513 2958 619 3033 semel
643 2961 762 3056 legant
779 2958 1037 3035 Antichristunr
1059 2957 1214 3050 appella·

143 3093 237 3155 turn.
300 3075 371 3150 Sed
394 3077 548 3152 Hilarius
569 3077 815 3154 Constantium
835 3097 876 3155 ut
898 3078 1036 3154 hostem
1059 3074 1211 3169 Christi,

144 3198 180 3273 se
194 3216 294 3272 vcro
310 3209 352 3268 ut
366 3198 514 3272 militem
537 3200 613 3292 ejus
631 3199 837 3293 respiciens,
864 3200 1012 3280 nornine
1027 3199 1100 3271 hoc
1112 3217 1214 3270 conr·

144 3321 251 3396 muni
270 3317 451 3410 appellare
477 3339 556 3392 eum
577 3334 733 3412 poterat
784 3321 968 3416 Indignum
988 3318 1094 3390 etiarn
1111 3330 1215 3410 puta·

146 3442 226 3532 uit,
254 3449 298 3510 ut
309 3439 616 3513 commilitonibus
634 3460 709 3513 non
726 3441 919 3534 proderet,
946 3460 1050 3531 quem
1065 3435 1214 3524 latendo

144 3557 314 3654 pluribus
333 3561 469 3633 nocere
484 3554 583 3651 posse
600 3560 832 3652 praevidebat.
883 3560 937 3635 lta
950 3542 1151 3632 autenrhnc
1164 3554 1215 3630 ef·

145 3678 254 3762 iecit,
277 3691 356 3752 uta
373 3679 503 3751 ceteria
517 3673 715 3751 Constantii
730 3682 828 3754 vitiis
845 3679 1029 3772 carpendis
1043 3673 1113 3750 sese
1127 3692 1216 3752 tern-

146 3797 299 3896 perarit.
351 3794 516 3870 Caesareae
532 3799 626 3872 eninr
637 3797 830 3892 Majestati,
856 3813 1024 3891 quantum
1035 3800 1070 3871 in
1080 3795 1214 3890 secrat,

145 3919 242 4008 nibil
257 3929 420 4009 ereptum
433 3918 585 4011 volens,
612 3917 695 3994 duna
713 3919 892 3994 divinitati
908 3918 1036 3994 Christi
1049 3918 1145 3991 suum
1155 3918 1214 4007 jus

147 4037 187 4112 dc
211 4037 395 4111 honorem
415 4037 593 4133 integrum
619 4059 660 4113 ac
678 4038 821 4116 illosum
843 4037 983 4112 servare
1002 4040 1108 4111 unice
1127 4056 1215 4108 con·

149 4156 350 4244 tendebat,
381 4155 455 4230 boc
480 4170 619 4233 tantum
645 4158 790 4255 indigne
810 4161 913 4251 tulit,
950 4159 1049 4249 quod
1073 4154 1215 4248 dejure

150 4273 287 4355 Christi
301 4271 643 4354 sublatumvidebat
693 4277 862 4373 Denique
872 4299 955 4355 cum
967 4275 1215 4355 Constantium

201 4399 243 4486 3,.
269 4395 404 4476 maris·
432 4389 522 4476 Τιιιι.
549 4399 576 4474 1.
799 4417 822 4474 e
1041 4391 1170 4472 Eccle-
