2742 4959
378 723 447 786 nr
480 703 754 800 S'rnonrr,
795 689 986 820 Ι1Λήιρ
1139 731 1212 805 473

165 881 171 890 '
219 869 269 951 n.
296 867 371 962 „Si
395 871 473 963 quie
499 881 619 946 antem
644 879 784 965 patrem
808 867 843 943 t
863 867 994 945 Filium
1013 866 1106 946 duos
1126 870 1214 947 dicit

150 1023 175 1072 ‚,
201 972 323 1048 Deos:
350 971 537 1046 anathema
552 967 642 1045 iit.“

225 1072 287 1150 111.
313 1069 401 1159 „Et
416 1070 441 1144 ri
460 1064 938 1163 quisunundicensneum,
965 1062 1141 1144 Christum
1155 1092 1215 1146 ru·

150 1223 175 1266 ‚,
200 1187 275 1249 tem
295 1172 412 1248 Deum
438 1185 522 1242 ante
537 1167 661 1242 saecuia
676 1163 790 1242 filium
805 1167 874 1243 Dei
887 1165 1100 1258 vobsecutum
1118 1169 1214 1245 Patri

150 1297 175 1366 ,ς
200 1275 237 1349 in
247 1272 683 1348 creationeomniumnon
693 1265 910 1343 confitetur:
935 1270 1216 1347 anathemafit.“

163 1377 179 1420 '³
224 1393 285 1462 41·
310 1370 444 1446 Rerum
456 1369 565 1443 nobie
580 1367 777 1442 absolutam
790 1369 904 1444 intelli
931 1369 1216 1464 entiamipsailla

150 1471 308 1550 mominis
335 1466 498 1566 religiosa
521 1468 691 1564 professio
718 1467 855 1546 tribuit.
961 1491 997 1545 m
1020 1471 1056 1544 in
1072 1471 1216 1545 damne-

150 1577 254 1650 tinne
270 1573 312 1647 iit
359 1584 497 1664 patrem
512 1569 546 1642 &
562 1566 673 1642 silium
690 1567 783 1641 duos
799 1567 900 1642 Deos
918 1568 1058 1664 dicere,
1087 1571 1120 1643 dr
1140 1591 1216 1645 rur·

150 1658 226 1750 nim
260 1624 446 1744 rffltheme
471 1668 536 1764 srt,
565 1666 678 1743 filiurn
692 1667 813 1744 Deum
832 1689 981 1765 negare:
1017 1670 1216 1745 substantie

150 1769 299 1849 diverse
314 1771 459 1842 alterius
479 1770 524 1842 rb
543 1773 676 1863 altera,
703 1769 830 1864 opinio
843 1771 880 1843 in
893 1768 1123 1864 predicandis
1137 1771 1217 1845 Diis

150 1871 296 1947 duobus
318 1868 531 1943 excluditur.
580 1867 673 1943 Non
701 1870 795 1946 enim
817 1891 863 1943 ex
884 1870 950 1944 elia
977 1887 1105 1964 praeter
1122 1874 1217 1945 iilam

150 1969 226 2046 Dei
250 1971 380 2065 patris,
418 1989 464 2042 ex
484 1988 555 2062 qur
577 1967 650 2042 Dei
666 1965 760 2043 fitius
782 1967 883 2042 Deus
903 1971 1149 2064 intemporalis
1165 1970 1218 2045 est

150 2081 280 2162 natur,
306 2065 462 2143 edentia.
513 2065 609 2144 Nam
628 2088 710 2142 curn
728 2067 925 2143 necessario
941 2072 1059 2145 Deum
1078 2085 1219 2165 patrem

150 2165 392 2263 confitemur,
431 2167 467 2240 ἃ
488 2166 652 2242 absolute
669 2166 847 2244 Christum
872 2169 943 2244 Dei
962 2169 1075 2244 filiurn
1097 2171 1216 2246 Deum

150 2268 397 2368 predicemus,
424 2266 459 2340 δι
475 2268 570 2340 inter
580 2268 658 2342 haec
673 2267 784 2355 duum
796 2266 961 2344 Deorum
970 2271 1013 2344 srt
1025 2270 1220 2368 irreligiosa

150 2368 347 2445 conferto:
373 2386 450 2441 non
463 2366 610 2460 possunt
628 2366 970 2445 secundumnaturae
984 2369 1219 2445 indifferenti·

150 2491 235 2563 am,
261 2470 296 2542 dt
315 2488 450 2542 nomen
470 2468 679 2544 indifferens
701 2490 778 2546 non
795 2489 903 2545 unum
922 2470 991 2546 eise
1007 2468 1219 2546 in'effentiae

150 2587 307 2668 genere,
348 2554 503 2664 duorum
527 2567 682 2646 essentiae
708 2590 843 2646 nomen
867 2590 944 2647 non
970 2573 1057 2647 licet
1069 2569 1140 2645 effe
1157 2571 1219 2646 nisr

150 2690 277 2745 unum.
1102 2681 1118 2726 ’-
1256 2741 1259 2752 ,

166 2779 202 2808 ²'
228 2767 296 2844 lV.
322 2821 347 2858 „
357 2765 394 2841 Si
409 2767 486 2861 quir
500 2765 745 2841 innascibilem
758 2766 894 2863 Deum,
919 2770 982 2843 vel
996 2784 1132 2863 patrem
1143 2769 1219 2864 ejus

152 2917 180 2962 „
205 2867 252 2941 de
269 2868 386 2940 Maria
408 2885 530 2939 natum
548 2864 619 2939 eise
638 2865 747 2942 audet
766 2867 906 2943 dicere:
932 2870 1119 2943 anathema
1132 2868 1184 2944 srt.
1197 2875 1221 2914 “

185 2979 200 3020 ὁ·
213 2988 287 3059 ,ῃ
313 2966 375 3041 Ne
393 2966 492 3058 quod
514 2979 729 3061 nuncupate
745 2964 899 3042 essentie
912 2969 949 3042 in
967 2968 1120 3064 patre&
1141 2963 1218 3040 filio

150 3087 221 3166 per
239 3066 468 3142 indiffimiiern
489 3079 651 3140 naturam
673 3086 810 3141 nomen
824 3087 935 3141 unum
954 3067 1025 3160 est,
1059 3067 1220 3143 occasro·

150 3169 238 3248 riern
254 3167 429 3240 hereticis
443 3165 655 3260 prestaret,
679 3181 722 3239 ut
739 3165 981 3244 innascibilem
996 3167 1131 3262 Deum,
1158 3169 1220 3242 vel

151 3282 293 3365 petrem
308 3267 385 3361 ejus
398 3265 492 3341 nasci
510 3265 680 3340 deMaria
694 3266 945 3363 predicarent,
970 3268 1160 3344 occursum
1169 3267 1222 3343 est

150 3367 313 3444 saluteris
331 3363 543 3441 definitione
560 3364 759 3459 sententie,
784 3379 828 3441 ut
842 3367 1030 3444 anathema
1046 3368 1133 3444 esset
1146 3369 1220 3444 hoc

152 3465 349 3544 confitens.
400 3465 491 3541 Non
511 3467 605 3542 eninr
624 3465 787 3564 religiose
799 3467 918 3544 uniter
931 3469 1087 3545 nominis
1104 3490 1150 3543 ex
1168 3469 1221 3543 in·

152 3565 355 3642 differentis
379 3583 516 3642 nature
536 3563 683 3641 essentia
700 3566 917 3662 constituta,
949 3565 1136 3663 personam
1162 3589 1223 3668 ge·

151 3667 240 3746 nitae
257 3670 389 3742 ademit
404 3665 573 3756 essentie,
601 3679 644 3739 ut
656 3665 776 3762 unica,
802 3689 845 3742 ec
859 3667 1040 3766 singularis
1055 3667 1126 3742 Dei
1141 3665 1233 3741 sub·.

153 3765 283 3844 stantia
298 3788 364 3860 per
378 3770 550 3841 unionem
563 3765 719 3842 nominis
736 3767 972 3866 intelligetur:
999 3768 1222 3844 cumutriur-

154 3867 675 3960 queeisentiaenomenununr,
695 3865 732 3939 id
740 3864 802 3956 est,
819 3865 920 3942 Deus
928 3889 1035 3961 unus,
1058 3872 1109 3943 ob
1118 3865 1222 3942 indis·

151 3983 267 4146 ἕξετε
285 3971 322 4041 in
335 3981 494 4064 utroque
506 3981 643 4043 nature
653 3965 882 4046 indissimilem
897 3965 1122 4045 substantiam
1131 3989 1224 4076 prae·

195 4082 308 4143 cetur.

173 4207 176 4212 ·
229 4170 279 4243 V.
306 4166 380 4256 „si
397 4166 475 4261 quis
491 4164 686 4242 secundum
702 4164 972 4262 prescientiam,
999 4165 1222 4261 &predesti-

150 4321 180 4369 „
204 4269 389 4346 nationem
404 4291 424 4344 n
439 4265 556 4343 Men‘a
571 4263 786 4444 ἀίοίἑῆΙίιιω
800 4267 891 4366 eise,
925 4267 1049 4344 &non
1063 4279 1150 4443 antel
1163 4267 1223 4352 sae·

523 4459 528 4466 .
676 4390 745 4467 ἔς
1053 4390 1173 4462 „wa
