2742 4959
113 184 131 298 -r
521 250 741 324 Lrnnn
793 249 865 325 VI.
1062 301 1065 306 »
1159 275 1226 346 157

85 392 118 494 '2
141 418 219 509 fit,
253 413 278 486 [ι
303 412 348 486 de
373 433 552 506 quoquam
580 409 711 486 ditium
737 414 956 505 reperietur:
998 416 1115 503 Hicell
1130 419 1227 507 filius

85 495 119 598 ‘¹³3
138 541 247 587 meus.
297 513 358 604 Sin
379 534 470 587 vero
487 515 674 608 proprium
693 535 735 587 ac
757 514 929 610 fingulare
949 514 981 586 ei
1003 513 1073 588 est:
1105 522 1168 586 Hic
1186 520 1225 613 esi

85 595 124 686 3'}
143 618 263 688 Fdius
286 631 392 700 meust
428 613 513 707 quid
538 614 750 690 calumniam
775 619 849 688 ileo
876 616 968 710 patri
986 615 1157 708 'proselire
1177 618 1224 693 de

85 693 106 768 ς’
140 714 231 791 filio
248 713 479 810 proprietatis
500 711 708 787 afferimus?
741 711 801 786 An
818 735 864 788 ne
882 714 947 786 tibi
960 716 998 787 in
1019 736 1088 808 eo,
1123 718 1224 808 quod

85 796 112 845 Ε
143 817 284 889 dicitur
302 816 356 884 hic
369 816 422 910 eli,
439 812 536 887 'non'
549 813 623 887 hoc
635 810 820 910 significari
835 815 998 906 videtur,
1025 813 1132 889 Alios
1148 819 1224 909 qui·

85 896 103 945 ἱ
144 910 233 994 dem
253 916 532 1011 cognominatos
552 917 596 987 ab
610 936 658 987 eo
676 917 713 986 in
734 912 844 1007 filios,
870 912 999 987 sedhic
1013 911 1105 988 filius
1119 939 1220 991 meus

143 1014 220 1110 est5
248 1016 386 1089 donavi
405 1015 613 1106 adoptionis
628 1015 789 1107 plurimis
810 1035 959 1106 nomen,
985 1012 1043 1086 sed
1059 1017 1123 1089 iste
1134 1013 1221 1093 mihi
1265 1102 1270 1112 ¹

85 1124 95 1159 ⁹
144 1111 244 1188 filius
264 1112 333 1187 est:
360 1136 406 1187 ne
419 1135 552 1206 quaeras
571 1116 699 1210 alium,
726 1135 772 1188 ne
786 1134 863 1189 non
880 1114 977 1187 hunc
993 1112 1062 1187 else
1078 1117 1219 1207 credam

85 1192 99 1243 ¹
143 1214 246 1288 hunc
269 1236 339 1311 ego
368 1229 547 1306 tamquam
564 1215 677 1311 digito
699 1214 837 1310 indice,
870 1235 913 1286 ac
933 1215 1034 1288 verbi
1052 1213 1221 1312 significa·

85 1311 105 1416 ζ
145 1316 254 1387 tione
268 1315 467 1412 conting0,
495 1337 564 1406 qua
581 1315 664 1388 dico
683 1316 717 1389 dc
738 1340 823 1387 meus
840 1313 899 1411 esi,
926 1313 1105 1411 &dietih
1133 1313 1221 1408 &fl-

85 1370 104 1443 Π
143 1415 212 1485 dius
227 1413 289 1508 eli?
323 1416 422 1510 Quid
441 1414 523 1509 post
538 1415 871 1512 lraecintelligentiae
893 1414 1031 1507 poterit
1055 1414 1145 1505 elle,
1171 1438 1221 1491 ne

85 1589 93 1606 ‚
145 1535 225 1587 non
255 1505 542 1586 elld'credatur‘l
585 1513 636 1586 Et
652 1516 728 1586 haec
756 1514 898 1605 quidem
919 1517 1077 1607 paternae
1113 1519 1218 1589 vocis

85 1609 104 1639 '⁴
142 1610 360 1707 significatio
379 1633 421 1684 ea
439 1611 522 1706 fuit,
548 1633 610 1703 ne,
636 1615 698 1705 ¹qui
715 1613 758 1686 ad
771 1613 987 1706 implendam
1005 1633 1149 1686 omnem
1162 1616 1219 1706 ju·

85 1722 98 1758 ‘
142 1710 276 1785 stitiam
305 1712 540 1804 baptizandus
566 1709 675 1805 ellet,
715 1713 799 1804 quid
822 1710 930 1805 effet,
967 1715 1217 1809 ignoraretur:

85 1809 102 1880 :'
143 1810 207 1885 sed
227 1825 287 1904 ut,
316 1813 375 1903 qui
393 1812 437 1890 ad
454 1808 710 1908 sacramentum
728 1809 848 1886 salutis
866 1811 997 1888 nostrae
1012 1813 1127 1890 homo
1140 1834 1219 1889 cer·

85 1890 103 2011 ,⁸
143 1914 318 2002 uebatur,
347 1912 408 1984 Dei
426 1932 524 1987 voce
539 1913 602 1986 llei
622 1909 715 1986 filius
736 1907 958 1988 nosceretur.

85 2024 101 2110 ζ
223 2033 278 2102 24.
304 2007 354 2084 Et
379 2012 461 2104 quia
477 2012 514 2086 in
528 2007 613 2086 fidei
629 2013 733 2106 hujus
750 2013 971 2091 confellione
989 2015 1215 2094 credentium

85 2088 102 2138 ⁵
145 2111 224 2185 vita
243 2110 354 2200 effct3
377 2133 454 2186 non
471 2112 651 2188 enim-alia
667 2116 876 2189 aternitatis
894 2118 973 2189 vita
988 2114 1052 2205 est,
1078 2115 1141 2190 nisi
1156 2117 1215 2210 Je-

85 2189 101 2280 Ρ
145 2209 220 2284 sum
247 2210 424 2286 Christum
455 2214 679 2310 unigenitum
701 2217 814 2288 lleurn
832 2213 980 2288 sciamus
1002 2212 1073 2287 elle
1089 2217 1152 2288 Dei
1174 2212 1217 2288 fi·

85 2288 101 2436 ff
142 2309 251 2401 lium,
286 2334 364 2384 vox
383 2336 403 2385 e
420 2313 513 2386 celis
529 2310 666 2385 rursum
684 2315 728 2385 ab
744 2311 932 2404 Apostolls
952 2312 1090 2385 iteratae
1107 2313 1214 2406 hujus

143 2408 413 2506 fignificationis
445 2411 609 2502 auditur,
634 2403 692 2482 ‘ut
715 2410 751 2482 id
778 2407 911 2485 firmius
940 2412 1148 2486 crederetur
1168 2413 1214 2488 ad

85 2489 98 2579 .¹'
142 2507 898 2600 viram,quodnoncredidillcmorselset.
949 2509 1118 2603 Namque
1131 2534 1214 2589 cum

85 2603 98 2635 ³
140 2609 319 2682 Dominus
339 2609 375 2680 in
394 2621 523 2685 monte
545 2606 735 2701 majestatis
748 2606 816 2683 suae
833 2609 958 2684 habitu
974 2610 1213 2709 constitisset,

86 2681 98 2734 ἶ
142 2708 280 2798 Moyse
296 2721 403 2800 atque
419 2705 499 2800 Elia
512 2707 758 2804 affistentibus,
786 2708 877 2784 &ad
893 2711 1056 2805 visionis,
1083 2733 1125 2785 ac
1145 2734 1214 2787 vo·

87 2805 97 2820 '
137 2811 194 2882 cis
211 2805 315 2882 fidem
328 2809 442 2882 tribus
457 2809 635 2884 columnis
646 2809 875 2885 ecclefiarum
883 2809 1031 2886 testibus
1042 2810 1212 2910 allumtis,

86 2904 100 2921 '
142 2901 219 2982 haec
245 2931 324 2982 von
340 2923 490 3004 paterna
504 2908 551 2983 de
568 2910 660 2982 celo
684 2906 772 2982 esta.
789 2914 853 2984 Hic
875 2912 1017 3002 elifilius
1032 2937 1117 2982 mem
1135 2916 1212 2985 dile·

85 2981 95 3100 f
143 3007 231 3092 llus,
256 3012 293 3080 in
308 3037 366 3107 quo
378 3001 556 3106 complacui,
580 3011 670 3082 bunc
683 3012 819 3084 audita·
853 3007 945 3084 Non
961 3013 1005 3086 ad
1020 3010 1210 3087 confirma·

85 3115 93 3132 '
140 3108 279 3182 tionem
302 3111 455 3196 honoris
473 3110 614 3184 claritas
632 3108 822 3205 conspecta
835 3107 916 3183 satis
936 3111 1077 3206 fuerat,
1109 3133 1210 3189 voce

85 3205 92 3218 '
141 3207 360 3301 designatur:
391 3215 456 3283 Hic
466 3213 561 3303 filius
582 3235 667 3281 meus
684 3211 736 3306 esi.
780 3207 957 3303 nposton
975 3212 1127 3307 gloriam
1144 3215 1210 3290 Dei

85 3305 104 3338 '·
140 3326 219 3381 non
239 3306 377 3402 ferunt,
404 3311 438 3386 dt
462 3313 632 3386 mortales
654 3309 755 3383 oculi
769 3310 985 3384 hebetantur
1007 3311 1051 3385 ad
1068 3311 1207 3408 visum,

85 3493 88 3509 ³
141 3406 175 3478 δι
202 3405 429 3483 consternata
448 3413 490 3484 ad
506 3425 641 3485 metum
657 3409 753 3483 Petri
776 3409 811 3483 dc
830 3410 980 3505 Jacobi,
1007 3405 1216 3506 &Joannis¹

138 3503 228 3580 fides
253 3507 429 3583 concidite
460 3510 557 3585 adest
570 3527 692 3585 tamen
708 3508 928 3584 auetoritatis
946 3525 1105 3604 paterne
1122 3532 1210 3603 pro·
1236 3511 1242 3522 ¹

85 3605 91 3704 ζ
119 3605 254 3697 lelio,
281 3603 419 3680 &filius
431 3609 489 3684 hic
503 3631 568 3705 per
582 3608 1078 3709 proprietatemfignificantis
1090 3611 1209 3685 osten·

85 3709 92 3737 *
124 3707 247 3782 dtur.
298 3706 432 3800 Neque
460 3707 573 3786 solum
598 3710 733 3786 veritas
757 3706 820 3783 filii
846 3731 911 3806 per
929 3710 1023 3795 hoc,
1052 3711 1149 3803 quod
1171 3710 1209 3789 te

84 3809 92 3910 ζ
139 3809 192 3876 lic
219 3831 305 3877 meus
326 3809 394 3904 esi,
430 3807 638 3904 intimatur,
678 3808 738 3885 sed
764 3809 923 3887 additur:
966 3817 1066 3882 Hunc
1086 3813 1217 3887 audite„

85 3915 89 3942 ·
139 3901 401 3987 Testimonium
426 3909 568 4004 quidem
585 3909 699 3986 Patris
719 3932 741 3986 e
758 3910 848 3986 caelo
866 3910 939 3987 ella
969 3909 1033 3989 led
1042 3908 1219 3999 semmaa,

1040 4055 1045 4064 ·
1078 4011 1195 4087 uum
