2742 4959
145 633 240 724 rnrv
305 619 341 699 S.
366 617 804 722 lirunnrr,l‘1crev.
828 619 1056 739 llerscort

149 789 192 872 lis
217 787 255 861 in
279 807 322 864 ee
344 781 625 880 suppressum,
650 783 686 860 se
702 783 785 864 satie
803 784 1017 885 supplevisse
1035 784 1225 864 existimes·

149 908 240 988 sent.
256 915 258 919 ’
291 903 403 981 Unde
417 906 532 982 stetim
547 919 589 979 ut
603 905 700 980 strue
715 906 754 978 in
766 903 1080 1002 receptasormula
1091 908 1224 1004 latent,

150 1029 282 1106 Hilarii
307 1021 500 1120 presertim
527 1044 640 1121 opere
660 1017 802 1100 detecte
817 1025 892 1122 est,
922 1032 1225 1124 „ingementem

151 1151 255 1243 erlis,
290 1146 325 1220 &
353 1138 527 1221 Arienum
552 1142 588 1221 se
616 1141 688 1221 elle
711 1147 859 1222 miretur
876 1145 991 1243 esl‚,“
1026 1147 1101 1224 hoc
1117 1146 1169 1246 est
1186 1150 1225 1225 se

153 1269 329 1346 Arlanum
344 1265 518 1359 publletri
534 1265 570 1344 dt
589 1266 713 1342 tudire
732 1265 937 1363 obstupuit,
963 1289 1044 1344 cum
1062 1265 1141 1342 Arii
1158 1269 1224 1341 dm

154 1390 301 1466 urinam
321 1407 400 1462 non
414 1401 555 1462 tautum
569 1403 802 1464 execraretur
816 1410 863 1465 ex
880 1390 1020 1478 enimc,
1045 1385 1226 1466 sedetiam

154 1511 191 1608 se
216 1506 476 1606 subscriptione
499 1506 560 1585 sue
582 1505 666 1586 sctis
689 1506 866 1610 superque
882 1505 1058 1586 damnasse
1078 1511 1226 1586 urbine-

153 1648 269 1711 retur.
428 1699 430 1706 .

227 1788 465 1871 inficiendum
481 1803 693 1866 tamennon
710 1783 780 1881 est,
812 1811 879 1868 eor
895 1787 1055 1867 excusari
1075 1783 1230 1865 omuino

155 1935 235 1992 nen
257 1910 380 2012 polle,
414 1912 476 2004 qui
493 1909 646 1986 Arimini
660 1933 708 1987 ex
731 1909 941 1990 infirmitate
959 1912 1148 1986 Nicaenum
1168 1910 1231 1985 de-

155 2033 301 2112 seruere
326 2033 550 2160 spmbolum,
586 2046 629 2106 ut
651 2051 789 2112 novum
808 2036 853 2108 ab
871 2035 913 2107 ise
934 2032 1125 2113 scrinulum
1141 2033 1236 2105 rcci-

156 2171 301 2253 perent‚
329 2175 482 2246 quorum
498 2149 588 2227 sides
607 2153 687 2247 ipsis
700 2151 855 2248 suspecta
865 2155 997 2228 merito
1013 2151 1084 2229 csse
1098 2153 1233 2227 debuc-

157 2291 227 2352 rut.
297 2276 437 2349 Verum
458 2286 502 2345 ut
526 2289 605 2345 non
625 2286 705 2347 eret
725 2274 771 2373 id·
787 2291 915 2347 corum
937 2273 1094 2368 crimen,
1131 2269 1234 2366 quod

156 2397 306 2494 publicu
336 2412 379 2466 ec
407 2386 569 2465 ludtuose
598 2391 811 2487 poenltmtit
837 2392 973 2485 expiari
1005 2409 1228 2489 mercretur,

158 2515 212 2590 ite
234 2535 303 2589 nec
326 2512 363 2586 in
382 2533 448 2585 eos
472 2515 596 2589 locum
617 2509 800 2590 habebunt
819 2509 989 2587 Crnonee
1005 2515 1097 2608 apud
1113 2514 1234 2590 Nicre-

160 2656 219 2713 ιη
245 2633 452 2726 constituti,
487 2635 548 2728 qui
574 2634 792 2729 prenitentes
810 2632 917 2708 ctiam
937 2634 982 2707 eb
1000 2631 1132 2710 infimis
1154 2631 1234 2708 offi-

161 2756 226 2830 ciir
241 2752 467 2829 clericorum
483 2752 693 2830 excludunt
745 2752 815 2828 Sed
823 2753 886 2830 etsi
896 2755 1115 2848 penitentie
1126 2755 1238 2831 etium¹

160 2873 316 2966 publicae
330 2871 476 2947 fuissent
495 2875 673 2967 obnoxii,
700 2875 832 2951 horum
847 2889 967 2949 tamen
984 2873 1173 2952 Cunenum
1186 2877 1236 2950 ri-

162 3013 233 3089 gor
253 3005 400 3086 poterut
421 2991 473 3064 eie
493 2985 693 3084 prudenter
717 2997 892 3088 relaxari,
919 2994 1019 3088 quod
1034 2995 1069 3071 dt
1086 2997 1170 3072 aliur
1184 2995 1238 3072 fa*

112 3213 119 3236 ·
163 3110 283 3207 uum,
309 3111 553 3204 &aliquando
566 3108 645 3186 lieri
666 3116 859 3208 prudentie
875 3116 994 3206 jubet.

239 3272 326 3348 Hoc
347 3271 530 3368 displicuit
545 3271 745 3371 Lucifero,
773 3273 807 3350 dt
828 3275 886 3350 cui
906 3276 1090 3372 displicuit
1112 3315 1164 3334 -
1186 3277 1240 3356 aiu

164 3390 317 3491 August.
343 3437 396 3454 -
419 3393 457 3471 in
473 3394 640 3475 tenebras
659 3395 791 3474 cecidit
805 3396 1017 3497 schismatis,
1043 3395 1164 3475 emisso
1183 3399 1238 3475 lu·

161 3515 263 3594 mine
280 3516 476 3594 charitatis.

241 3674 369 3755 Casum
384 3680 476 3754 tanti
496 3676 591 3773 viri,
624 3698 732 3773 quem
746 3679 798 3754 ob
814 3677 1022 3779 ungularem
1041 3679 1240 3758 constanti·

161 3811 226 3874 'am
242 3811 324 3873 tote
339 3800 471 3876 merito
487 3797 875 3896 suspiciebatEcclelit,
900 3799 1057 3876 Hilarius
1068 3801 1238 3877 hauddu-

167 3919 231 3998 bie
254 3920 414 4020 graviter
432 3921 652 4020 indpluerit,
690 3920 862 3997 credibile
883 3939 1031 4014 quoque
1049 3920 1119 4012 est,
1153 3940 1236 3996 eum

169 4041 292 4115 omnia
311 4039 478 4137 movisse,
500 4044 625 4135 nequi
640 4039 811 4117 hedenus
826 4055 898 4118 tam
913 4037 1062 4118 sortiter
1074 4041 1238 4133 steteret,

170 4161 341 4259 cederet,
377 4181 464 4248 eum
482 4161 646 4248 Luciferi
670 4162 860 4242 amicitiem
878 4160 1015 4262 semper
1031 4165 1139 4241 etiem
1155 4176 1236 4266 non
