2742 4959
722 190 830 295 lion

200 669 246 757 5⁸
367 655 370 659 ’
404 629 1067 737 S.H1nan11or*'lr1h1rare'

199 824 396 915 subrepunt
414 821 720 919 praefringentium
737 822 899 897 manibus
917 822 1073 914 quaedam
1086 821 1266 924 fragmeua

175 999 187 1017 ..
199 923 323 1000 to'rum
336 923 624 1017 procreationes.
680 920 773 997 Non
788 922 1031 1017 imminuitur,
1062 922 1160 999 unde
1176 947 1266 1020 prae·

198 1026 392 1123 [ringitur3
420 1023 585 1097 &tamen
598 1023 735 1118 semper
743 1022 1005 1120 praefring'entis
1016 1043 1158 1099 manum
1173 1027 1264 1126 trag·

197 1145 321 1205 menta
340 1140 533 1218 occupant
580 1122 725 1203 Fallunt
738 1138 923 1198 momenta
935 1121 1069 1213 visum;
1097 1125 1265 1221 dumple·

197 1237 281 1304 nam
301 1224 508 1321 fragmentis
524 1245 668 1302 manum
688 1223 857 1317 sequeris,
883 1226 1029 1299 alteram
1041 1222 1113 1301 srne
1131 1226 1264 1304 damno

197 1326 379 1426 portionis
396 1327 465 1400 suae
478 1326 682 1414 contueris,
708 1325 804 1398 inter
819 1324 895 1398 hec
909 1323 1193 1422 fragmentorum
1202 1348 1265 1401 cu·

197 1429 484 1523 mulusaugetur.
514 1422 786 1521 Praefringentes
795 1424 831 1501 in
840 1423 1033 1502 ministerio
1042 1423 1136 1519 sunt,
1154 1426 1264 1503 eden·

197 1544 253 1604 tes
269 1529 307 1600 in
321 1528 475 1622 negotio
490 1523 591 1617 sunt,
615 1522 811 1602 esurientes
827 1525 934 1599 saturi
948 1523 1041 1621 sunt,
1068 1526 1263 1605 duodecim

96 1621 100 1628 ’
197 1627 379 1723 cophinos
399 1628 543 1720 replent
566 1624 736 1716 reliquiae.
788 1624 878 1700 Non
903 1622 1038 1720 sensus,
1071 1645 1149 1702 non
1162 1627 1261 1704 visua

196 1725 399 1825 profertum
431 1741 503 1799 tam
530 1722 778 1819 conspicabilis
806 1726 1029 1820 operationis
1056 1724 1262 1818 alloquitur.

196 1827 284 1920 Est,
311 1825 409 1919 quod
426 1847 503 1902 non
523 1838 614 1917 erat,
640 1825 799 1919 videtur,
825 1825 1012 1919 quodnon
1028 1824 1263 1929 intelligitur}

195 1927 313 2006 solum
330 1925 509 2020 superest,
529 1938 571 1997 ut
584 1923 686 2002 Deus
705 1925 826 2002 omnia
848 1923 948 2020 poffe
965 1926 1144 2002 credatur.

275 2049 310 2126 7.
336 2025 426 2100 Non
454 2026 590 2103 habent
611 2027 733 2118 itaque
755 2025 879 2102 divina
899 2024 1163 2120 adulationem,
1189 2047 1260 2104 nec

193 2128 312 2205 subest
341 2126 427 2200 Deo
459 2126 502 2202 ad
534 2125 747 2219 placendum
771 2117 1036 2218 fallendumque
1068 2124 1259 2209 simulatio.

194 2230 285 2304 Haec
300 2225 363 2301 filii
384 2225 453 2302 Dei
476 2246 588 2317 opera
603 2245 680 2302 non
696 2224 741 2303 de
751 2225 926 2322 jaiiantiae
945 2224 1062 2299 studio
1082 2223 1164 2301 sunt
1175 2250 1260 2322 pro·

129 2391 143 2404 .
193 2325 312 2406 feda:
350 2346 468 2416 neque
501 2326 594 2399 enim
612 2325 727 2416 ille,
748 2326 806 2401 cui
839 2323 1110 2402 innumerabilia
1146 2329 1256 2403 millia

194 2429 345 2504 millium
370 2424 597 2520 Angelorum
619 2423 806 2514 serviunt,
845 2425 1006 2502 adulatus
1031 2423 1085 2498 est
1108 2425 1258 2503 homini.

197 2527 298 2627 Quid
328 2527 422 2602 enim
449 2543 597 2616 eorum,
643 2545 721 2614 que
745 2522 865 2598 nostra
903 2520 1005 2618 sunt,
1048 2525 1258 2623 indigebat,

190 2650 257 2724 per
289 2648 395 2721 quem
426 2622 506 2700 sunt
542 2623 733 2716 universa,
772 2645 850 2717 quae
881 2624 1145 2716 nostrgdunti
1194 2627 1257 2707 An

190 2731 372 2806 honorem
393 2748 413 2799 a
432 2725 539 2800 nobis
559 2724 827 2822 expostulabat,
853 2745 950 2800 nunc
965 2747 985 2798 a
1002 2725 1129 2800 somno
1149 2725 1259 2824 stupi-

191 2832 267 2921 dis,
294 2850 392 2903 nunc
408 2827 452 2900 de
466 2830 554 2900 luxu
574 2824 734 2903 noiiiuru
750 2826 861 2919 feffis,
887 2846 985 2899 nunc
1001 2826 1082 2919 post
1104 2830 1197 2899 rixas
1218 2827 1254 2904 dr

192 2931 307 3004 caedes
328 2929 464 3001 dierum
478 2929 570 3000 male
591 2925 763 3019 consciis,
789 2946 886 3002 nunc
899 2924 981 3021 post
1003 2928 1178 3000 convivia
1192 2928 1254 3001 eb·

189 3033 272 3121 riis,
306 3048 412 3118 quem
434 3026 672 3121 Archangeli,
707 3025 995 3118 denominatus,
1027 3025 1256 3127 &Principa-

189 3143 271 3219 tus,
298 3123 550 3198 &Potestates
564 3125 635 3196 line
651 3122 802 3216 somno,
828 3125 901 3202 fine
921 3128 1189 3222 occupatione,
1213 3127 1256 3207 st.

188 3247 238 3302 ne
263 3226 411 3298 crimine
438 3220 632 3299 aeternis&
651 3223 824 3301 indefessis
845 3224 883 3297 in
901 3227 990 3301 caelo
1008 3229 1160 3301 vocibus
1180 3231 1256 3304 lau·

191 3327 297 3401 dant:
325 3323 545 3414 &laudant,
573 3324 654 3415 quia
674 3321 748 3418 ipse
760 3324 943 3400 invisrbilis
960 3325 1031 3402 Dei
1048 3327 1166 3424 imago
1178 3349 1258 3403 om·

189 3449 256 3503 nes
274 3427 311 3499 in
323 3424 358 3498 se
375 3424 567 3516 creaverit,
593 3422 717 3497 secula
733 3421 875 3516 fecerit,
902 3427 1025 3503 caelum
1040 3423 1255 3521 firmaverit,

189 3525 280 3600 astra
294 3525 512 3616 distinxerit,
547 3536 679 3600 terram
698 3522 928 3619 fundaverit,
956 3525 1097 3623 abyssos
1116 3527 1255 3603 demet.

188 3624 294 3714 serit,
320 3623 393 3717 ipse
410 3626 578 3720 deinceps
593 3625 707 3704 homo
726 3638 831 3701 natus
849 3626 909 3720 fit,
935 3641 1091 3702 mortem
1105 3627 1255 3720 vicerit,

187 3740 315 3822 portat
334 3726 439 3800 inferi
458 3725 629 3823 fregerit,
656 3726 882 3801 coheredem
897 3727 959 3801 srbi
976 3728 1119 3825 plebem
1136 3729 1256 3823 acqui·

187 3828 326 3918 fiverit,
352 3847 493 3903 carnem
506 3827 542 3899 in
558 3827 767 3901 aeternitatis
785 3828 934 3923 gloriam
948 3849 993 3901 ex
1012 3830 1255 3922 corruptione

188 3927 420 4004 transtulerit.
471 3925 573 3999 Nihil
601 3946 688 4023 ergo
714 3926 778 4000 iste
800 3929 899 4024 eguit
917 3946 938 4010 ‚a
958 3928 1090 4020 nobis,
1116 3944 1159 4000 ut
1176 3931 1253 4004 haec

187 4051 271 4105 eum
299 4026 396 4121 apud
421 4046 490 4097 nos
515 4028 761 4100 inenarrabilia
787 4028 821 4098 dt
845 4025 1120 4126 inintelligibilia
1141 4049 1255 4123 opera

184 4144 367 4224 tamquam
394 4141 561 4224 egentem
583 4128 697 4200 laudis
724 4141 908 4201 ornarent.
957 4124 1029 4202 Sed
1053 4132 1256 4222 provident

185 4227 289 4311 Deus
306 4231 489 4326 nequitie,
523 4225 727 4300 &stultitiae
747 4228 908 4303 humanm
926 4248 1108 4313 errorem,
1141 4230 1176 4300 dt
1192 4230 1257 4303 sci·

185 4349 274 4428 ens,
314 4351 362 4412 eo
384 4334 499 4428 usquo
513 4324 761 4407 infidelitatem
787 4344 1044 4431 prorupturam
1076 4327 1197 4506 esses&
1212 4340 1255 4410 ut

1148 4453 1159 4503 r
1186 4452 1199 4504 1

512 4633 522 4676 l
