2742 4959
148 673 220 734 xre
317 641 354 724 8.
379 644 597 742 llruaur,
618 642 809 724 l’rcrnv.
835 639 1059 727 llatacora

146 837 226 898 uon
242 804 452 906 desperabat
466 819 587 883 tannen
606 805 764 884 ab-ornni
777 806 866 884 fece
877 808 1110 910 liberandam
1136 829 1214 912 quaa

102 977 108 988 -
148 953 228 1012 turn
242 931 495 1009 hereticorum
513 925 747 1004 infestatione
762 932 990 1026 probaretur.
1047 931 1141 1013 Nou
1162 938 1214 1014 so·

150 1062 225 1134 lum
249 1054 358 1150 igitur
376 1048 530 1148 ungula,
561 1068 642 1141 que
658 1048 721 1124 libi
741 1053 786 1126 ab
803 1050 883 1145 ipfia
904 1050 1035 1126 tradita
1049 1053 1213 1154 fuerant„

148 1177 242 1270 milit
265 1173 303 1246 in
332 1168 484 1246 Galliae:
521 1168 582 1244 sed
605 1170 640 1245 br
665 1169 759 1266 apud
779 1169 907 1246 Galloa
920 1191 1050 1249 eorum
1068 1175 1104 1274 in
1131 1179 1213 1252 reti·

149 1296 272 1378 nendo
288 1289 382 1367 Une
398 1288 585 1364 vocabulo
604 1285 841 1370 constantiam
851 1291 1027 1387 laudavit,
1052 1293 1213 1371 testatur·

149 1440 221 1514 que
238 1411 291 1490 est
304 1408 479 1506 quosdam
491 1429 539 1484 ex
555 1409 599 1485 ile
617 1411 847 1508 indigoillime
863 1415 1023 1508 exulare,
1048 1401 1084 1488 n·
1099 1414 1136 1488 in
1152 1436 1213 1492 eo·

147 1560 229 1616 rum
251 1537 336 1609 loca
359 1525 564 1626 Episcopus
588 1528 679 1606 alios
706 1529 927 1610 substitutor.
984 1531 1157 1626 Denique
1179 1538 1213 1614 se

147 1651 398 1745 Auxentium,
426 1647 637 1745 utiterum,
665 1653 885 1749 Valentem,
913 1652 1066 1747 GaJurn,
1091 1654 1213 1752 Maga·

147 1779 259 1871 num,
296 1769 525 1870 &Justinum
547 1774 886 1849 excommunicatos
905 1775 1060 1868 habere,
1096 1787 1213 1868 neque

149 1920 233 1975 cunt
251 1896 318 1986 iia,
345 1892 406 1986 qui
425 1889 558 1966 horum
573 1888 791 1968 fenerentur
816 1912 977 1991 errores,
1002 1915 1128 1991 pacem
1150 1916 1212 1972 un·

148 2035 255 2115 quarn
265 2014 473 2116 habiturum
491 2012 693 2090 nunciavit.

149 2193 161 2206 .
226 2137 284 2212 Ex
304 2136 360 2210 his
374 2133 503 2209 Hilarii
525 2133 681 2213 nuntiis,
712 2153 805 2226 quos
830 2138 997 2229 proxime
1028 2131 1212 2235 postquem

146 2256 291 2356 plurimi
309 2251 550 2326 Orientalium
576 2273 596 2326 a
611 2250 1016 2350 Constantinopolitana
1031 2256 1175 2350 synodo
1193 2279 1212 2336 a

147 2379 218 2462 suia
237 2370 572 2452 selibur-deturbari
587 2370 689 2463 sunt,
715 2393 758 2447 ac
772 2375 927 2466 proinde
946 2398 1043 2450 anno
1060 2384 1142 2468 360.
1163 2381 1212 2454 in·

147 2512 260 2577 eunte
278 2493 392 2589 misit,
427 2511 507 2569 non
518 2492 697 2568 minorem
709 2491 864 2569 nonum
880 2514 1076 2589 percepere
1094 2499 1212 2594 Galli,

145 2639 252 2719 quarn
270 2616 490 2691 orientales.
546 2609 601 2686 llll
617 2613 715 2688 enirn
734 2611 884 2688 Parifioa
902 2614 1017 2689 statirn
1039 2620 1212 2691 conveni·

146 2754 267 2830 entes,
291 2733 363 2811 sese
377 2731 531 2810 Arimini
548 2731 737 2808 acNicaeae
751 2735 788 2806 in
799 2731 956 2809 Thracia
972 2735 1132 2810 fraudem
1143 2733 1211 2829 pai

144 2861 205 2939 soa
214 2855 285 2935 ene
293 2853 624 2949 deprehenderunt,
649 2868 782 2948 utpote
793 2855 851 2948 qui
868 2857 942 2932 boc
951 2878 1027 2931 uno
1037 2869 1211 2951 protextu

147 2976 291 3060 addoni
312 2973 455 3048 fuerant
481 2970 524 3043 ad
549 2971 837 3065 supprimendum
863 2977 956 3051 Usrae
971 2979 1211 3076 vocabulum,

146 3099 248 3200 quod
266 3099 310 3171 ab
323 3096 388 3169 illo
404 3092 642 3167 vehementer
653 3093 893 3171 abhorrerent
904 3098 1124 3190 Orientales,
1150 3121 1211 3174 eo·

147 3245 219 3318 que
245 3229 394 3293 retento
417 3213 516 3287 nulla
540 3231 623 3286 curn
644 3214 687 3287 iia
709 3215 874 3292 ineundae
895 3221 990 3311 pacis
1008 3220 1084 3314 sper
1102 3220 1211 3302 foret

145 3343 245 3419 trum
262 3334 438 3428 rescripto
461 3332 505 3405 ad
523 3330 745 3429 Orientales,
772 3335 846 3411 hoc
864 3338 914 3413 est
933 3342 975 3413 ad
992 3364 1072 3428 eoa,
1097 3344 1157 3434 qui
1175 3345 1211 3418 lu

148 3461 303 3538 Oriente
313 3452 538 3530 homousion
552 3460 842 3554 propugnabant,
870 3480 1032 3535 errorem
1047 3464 1147 3535 ultro
1164 3461 1211 3538 la·

145 3596 271 3661 rentur
287 3575 409 3669 suum,
435 3570 543 3667 seque
558 3579 666 3651 abeo
682 3597 765 3653 curn
783 3578 963 3673 ipsprum
991 3597 1066 3656 turn
1085 3582 1210 3660 Hilarii

144 3701 278 3780 litteris
303 3697 477 3770 liberatos
494 3698 728 3792 gratulantur.
779 3700 869 3778 Leti
887 3703 995 3799 igitur
1010 3717 1210 3806 revocant,

145 3821 248 3922 quod
263 3805 999 3912 invitiacsuolalsoobtentuabjecerant.
1051 3823 1210 3902 Lauden-

144 3960 275 4038 terque
292 3934 515 4030 orientales,
541 3938 640 4030 quod
657 3940 880 4019 ltomoeusron
893 3957 1078 4040 tueantur,
1104 3957 1210 4021 caute

139 4065 323 4150 innuunt,
348 4074 478 4132 eorum
492 4056 689 4152 intereffe‚·
708 4076 747 4133 ut
765 4063 981 4139 homousion
999 4063 1210 4166 annuant·

146 4185 281 4278 quippe
305 4175 407 4273 quod
423 4174 470 4253 ab
488 4177 591 4274 iplia,
624 4176 813 4256 aNicaena
828 4183 1156 4279 videlieetsyoodo
1171 4188 1210 4266 in

147 4301 304 4380 Oriente
322 4299 460 4396 habita,
481 4298 521 4377 ὰ
536 4319 584 4376 ex
600 4297 849 4381 Orientalibus
868 4308 1056 4386 maximnm
1070 4323 1209 4403 partem

1073 4447 1164 4506 ton·
