2742 4959
411 719 789 818 ordinaeri,
827 719 1032 802 Lim.-
1071 701 1076 725 ²
1173 726 1246 816 4⁶¹

174 883 762 974 doserinaeiiistitutadeceriiunt,
794 882 934 980 dreni,
968 883 1028 980 qui
1042 884 1135 962 hanc
1152 887 1247 979 apud

162 995 340 1072 Sirmium
355 986 512 1066 herefim
528 982 827 1080 conscripserant,
853 985 1164 1086 veleonsciiptan
1178 986 1247 1059 sus·

174 1103 363 1189 ceperant,
387 1084 655 1187 ignorationem
675 1081 898 1160 confitenter
917 1086 963 1160 ad
976 1084 1247 1179 suscriptionem

173 1194 409 1270 decretorum
422 1187 547 1263 talium
559 1202 775 1283 coegerunt:
800 1186 862 1261 ubi
878 1184 989 1261 Filius
998 1185 1110 1259 Patris
1127 1187 1245 1283 imago

174 1292 338 1392 perfetta
349 1287 416 1366 est:
441 1287 504 1363 ubi
514 1284 576 1361 sub
591 1284 831 1361 indifferentia
843 1287 1002 1384 imaginis
1018 1290 1246 1381 proprietate

150 1431 152 1436 ·
173 1413 244 1490 per
258 1388 447 1487 profanam
464 1385 626 1560 fisum
649 1382 760 1460 Filius
775 1406 850 1461 nou
867 1387 1056 1478 aboletur,
1087 1400 1127 1460 ut
1143 1403 1247 1480 pater

174 1491 241 1570 fit:
265 1492 328 1566 ubi
341 1491 461 1585 imago
508 1487 593 1561 atria
608 1483 640 1561 F
640 1485 720 1560 iliua
736 1487 947 1580 predicatus
966 1506 1032 1584 per
1051 1485 1246 1560 similitudi·

172 1593 232 1678 iiia
248 1583 810 1679 veritatemasubstautiaPitrii,
837 1587 937 1680 cujue
948 1588 1065 1682 imago
1075 1586 1140 1679 est,
1167 1585 1248 1661 sub·

150 1685 313 1770 istantiae
328 1685 534 1762 diversitate
549 1707 625 1760 non
645 1683 786 1763 differt:
812 1687 872 1760 ubi
890 1705 954 1778 per
970 1687 1126 1762 habitam
1143 1710 1162 1759 i
1182 1687 1247 1761 Pa·

150 1805 235 1866 irre
254 1790 388 1882 vitam,
415 1788 450 1860 di
465 1801 649 1881 acceptam
665 1807 685 1859 a
699 1784 792 1860 Filio
811 1786 946 1880 vitam,
972 1787 1058 1860 nihii
1075 1785 1246 1864 differem

150 1890 215 1966 iiii
230 1888 442 1984 substantia,
467 1883 775 1984 quesigiiificatur
788 1889 825 1961 iu
846 1887 944 1978 vita,
968 1884 1099 1961 habeat
1118 1886 1245 1981 Pater,

150 1997 282 2084 iquaiii
300 1987 409 2064 Filiua
428 1988 569 2078 accepit
590 1986 871 2062 adhibendum:
909 1986 972 2058 ubi
985 2008 1062 2059 nori
1081 2004 1248 2070 creatura

150 2087 230 2168 rest
251 2087 359 2161 silini
379 2087 540 2186 genitus,
565 2083 626 2160 sed
646 2107 668 2160 a
686 2100 813 2159 natura
828 2085 942 2158 Patria
964 2085 1151 2166 indisereta
1167 2086 1249 2162 sub·

150 2198 159 2270 i
173 2188 303 2264 stantia
318 2187 387 2262 est:
411 2190 474 2260 ubi
488 2189 577 2266 sicut
589 2187 683 2259 inter
699 2184 837 2260 Patrem
851 2185 1022 2260 &Filium
1038 2185 1248 2260 indifferens

150 2290 295 2374 ivirtus
319 2285 391 2380 est,
424 2287 475 2361 ita
497 2289 629 2360 nullam
653 2286 750 2358 inter
774 2284 809 2360 sa
829 2285 1069 2361 diversitatem
1089 2281 1246 2378 patiatur

150 2377 155 2464 'i
176 2386 347 2466 essentia:
374 2387 435 2458 ubi
457 2385 560 2459 Pater
580 2384 785 2481 generando
797 2384 925 2460 Filium
942 2387 1028 2459 nihii
1043 2410 1086 2458 ei
1104 2410 1150 2458 eo
1163 2388 1197 2459 iii
1210 2385 1247 2461 se

150 2517 151 2524 ¹
176 2488 375 2585 degenerat
399 2484 604 2560 diversitate
622 2499 775 2560 naturae:
809 2487 869 2561 ubi
895 2486 975 2576 quia
996 2487 1082 2558 nihii
1106 2485 1251 2562 differat

174 2588 217 2664 iii
233 2603 392 2681 utroque
405 2586 599 2660 similitudo
615 2599 773 2679 naturae,
800 2588 1002 2683 proprietas
1020 2601 1138 2661 tamen
1157 2587 1248 2664 simi·

171 2689 338 2765 litudinis
359 2685 595 2776 personalium
615 2688 799 2757 nominum
819 2687 960 2776 respuat
976 2687 1166 2776 unionem,
1198 2708 1250 2761 rie

171 2785 361 2862 subsistens
376 2803 468 2856 uiiui
479 2784 537 2875 sit,
565 2783 623 2873 qui
643 2782 795 2874 &pater
811 2786 964 2875 dicatur,
993 2784 1027 2857 u
1043 2781 1153 2858 silius:
1181 2788 1245 2864 ubi

170 2884 259 2979 quia
278 2884 337 2976 pie
355 2881 484 2956 dicitur
503 2880 537 2956 dt
555 2880 662 2954 Pater
677 2883 839 2974 mitteris,
866 2883 899 2955 di
917 2882 1024 2956 silius
1041 2884 1181 2975 missum
1206 2887 1247 2964 iu

173 2984 280 3061 nullo
294 2996 413 3056 tamen
431 2981 526 3054 inter
541 2979 682 3056 Patrem
702 2980 736 3053 u
755 2980 894 3075 Filium,
918 2981 954 3055 id
971 2982 1035 3074 est,
1062 2986 1157 3058 inter
1169 2986 1250 3062 mis·

173 3082 273 3176 snm,
309 3095 417 3172 atque
437 3084 640 3156 mittentem
656 3078 876 3156 discernatur
891 3080 1057 3157 essentia:
1083 3085 1144 3157 ubi
1166 3108 1249 3163 nou

173 3186 273 3261 intra
300 3194 467 3274 tempora
489 3183 628 3274 paterni
660 3183 817 3257 uominii
848 3184 981 3257 veritae
1014 3189 1255 3266 continetura

173 3283 238 3358 ubi
254 3281 282 3356 F
284 3284 365 3355 iiiiii
381 3280 475 3354 Patri
492 3302 567 3356 non
583 3279 635 3356 est
650 3281 830 3376 posterior
845 3283 881 3358 in
903 3296 1088 3376 tempore:
1115 3289 1176 3360 ubi
1194 3290 1249 3362 ul·

176 3394 397 3475 tratempua
423 3401 531 3456 omne
555 3380 712 3475 perferri
730 3385 925 3481 nativitas,
962 3384 1246 3464 innascibilitatia

174 3484 217 3558 in
237 3480 273 3558 se
288 3501 366 3558 non
385 3480 541 3555 admittit
554 3502 727 3557 errorem.
1043 3489 1050 3496 '

255 3591 313 3663 aa.
339 3577 471 3657 Ethaec
480 3581 636 3674 quidem,
661 3579 806 3657 Fratres
815 3583 987 3681 carissimi,
1013 3587 1145 3680 omnia,
1166 3601 1247 3680 que

178 3678 280 3756 edita
293 3680 358 3774 est,
381 3677 466 3758 fidei
487 3680 663 3777 dodrina,
689 3702 754 3776 per
768 3702 905 3776 paueoi
916 3686 1020 3777 juxta
1034 3689 1248 3764 universita-

174 3779 225 3853 tis
248 3780 396 3856 modum
422 3781 649 3875 Orientaiei,
689 3778 750 3857 sub
775 3782 829 3857 hia
857 3782 938 3878 ipsis
959 3806 1076 3882 prope
1097 3788 1246 3884 diebus,

175 3881 308 3974 quibua
317 3878 566 3977 vosingestam
576 3882 731 3956 heresim
742 3880 935 3977 respuistis,
960 3887 1117 3962 emersit:
1143 3890 1249 3982 cujua

174 3980 406 4073 exponenda
421 4002 463 4054 ea
483 3980 553 4056 suit
563 3983 670 4067 ratio,
698 3983 797 4074 quod
813 3985 917 4057 uniui
936 3984 1248 4063 substantiaesileii·

174 4079 269 4156 aium
281 4079 554 4157 decernebatur.
604 4081 674 4156 Sed
685 4084 757 4178 jam
773 4078 1013 4177 superioribua
1025 4087 1249 4178 diversisque

176 4181 420 4273 temporibus,
447 4184 567 4254 multia
578 4181 631 4255 hii
641 4183 750 4257 causis
761 4182 1036 4279 postulantibus,
1063 4182 1247 4264 fidesaiiaa

175 4278 320 4357 necesse
335 4279 445 4356 fuerit
461 4281 660 4376 conscribi,
687 4303 765 4376 quae
780 4286 902 4377 quales
921 4286 1009 4378 sint,
1036 4308 1080 4358 ex
1099 4286 1178 4378 ipss
1192 4287 1247 4363 iii.

176 4380 372 4482 telligatur.
436 4379 615 4464 omnibus
641 4385 758 4479 enim,
797 4403 875 4479 que
896 4383 942 4460 ab
961 4384 1005 4462 iii
1023 4383 1118 4487 gesta
1139 4385 1251 4504 sunt,

1070 4506 1195 4584 cogm·
