2742 4959
495 549 849 663 'berrrrn
974 605 980 624 ·
1172 605 1229 669 tv

141 741 216 820 bra
238 739 443 838 faciendum
459 742 550 842 eise,
576 758 620 821 ut
635 745 681 825 ad
696 746 956 845 benignitatem
974 741 1009 819 br
1025 744 1225 829 humanita-

142 862 633 962 tcmpropeniiorcsfimus,
667 887 825 960 corque,
861 866 923 958 qui
940 865 977 942 in
998 869 1105 963 culpa
1116 867 1222 970 sunt,

141 982 378 1062 absolvamus
395 989 540 1081 potius,
572 1007 678 1082 quam
694 986 988 1064 condemnemus.
1003 988 1032 1031 “
1082 988 1154 1064 Sed
1175 989 1222 1068 ad

135 1094 325 1185 Hilarium
342 1107 442 1198 quod
456 1107 601 1201 attinet,
628 1107 674 1181 de
693 1126 788 1181 vero
807 1106 900 1182 illius
915 1130 999 1207 erga
1011 1109 1220 1194 orientales

138 1223 262 1322 sensu,
288 1230 441 1324 nullum,
466 1226 655 1304 urdiiium
671 1225 736 1324 est,
763 1226 912 1306 dubium
926 1228 1220 1328 relinquentipsr·

137 1368 181 1428 ua
199 1347 437 1448 apologetica
451 1345 629 1445 responsa.

428 1472 479 1544 Ar
496 1466 719 1569 Constantium
734 1472 816 1568 Aug.
832 1470 891 1549 rib.
907 1469 935 1549 1.

241 1585 340 1665 Trea
365 1588 539 1665 habemur
563 1589 692 1667 Hilarii
716 1591 760 1666 ad
782 1588 1033 1666 Constantium
1047 1588 1218 1685 libellos,

135 1727 301 1808 qnorum
314 1707 515 1805 postremus
534 1712 656 1805 potior
680 1724 811 1786 contra
830 1710 1081 1787 Constantium
1095 1707 1218 1786 inscri-

133 1834 250 1912 bitur.
300 1828 393 1906 Non
408 1843 528 1906 tamen
541 1833 601 1905 tali
618 1833 748 1908 ordine
757 1846 1003 1926 numerantur,
1031 1830 1216 1924 quasiuni·

133 1974 178 2029 na
195 1943 395 2047 tripartiti,
423 1966 484 2026 aut
501 1952 661 2047 bipartiti
676 1954 798 2048 operis
815 1953 971 2028 totidem
991 1967 1126 2046 partes,
1153 1947 1215 2028 sed

131 2191 259 2271 randis
274 2190 397 2266 habita
410 2190 462 2267 est
477 2195 583 2282 ratio.

238 2307 384 2410 Ambigi
404 2312 542 2411 posset,
578 2334 624 2390 an
644 2313 787 2408 plures,
825 2334 931 2407 quam
954 2315 1013 2410 qui
1033 2333 1132 2389 nunc
1152 2333 1215 2389 ex„

132 2443 233 2528 tant,
260 2429 322 2508 sub
340 2434 465 2511 iisdem
482 2436 595 2510 titulis
610 2434 654 2508 ab
669 2435 808 2511 Hilario
822 2435 944 2531 scripti
961 2434 1039 2513 sint.
1099 2431 1214 2514 Nam·

133 2573 208 2649 que
223 2550 308 2648 post
325 2552 524 2649 Sulpicium
543 2555 708 2632 severum
723 2555 947 2633 Fortunatus
968 2554 1132 2650 testatur,
1158 2556 1213 2651 ip·

132 2673 235 2767 sum,
266 2671 351 2751 dum
372 2673 694 2774 Constantinopoli
708 2678 913 2769 operiretur
934 2675 1022 2769 legis
1040 2676 1213 2748 voiunta-

133 2807 237 2889 tem,
268 2796 383 2870 tribus
407 2800 537 2873 libellis
558 2798 651 2893 regis
667 2793 883 2871 audientiam
898 2793 1116 2889 poposcisse:
1141 2813 1211 2869 nec
1271 2880 1274 2887 ,

130 2915 208 3012 iam
226 2915 335 2990 nobie
351 2913 523 3010 superest,
548 2914 610 2990 nisi
621 2916 727 2988 unius
743 2910 1059 3013 Constantinopoli
1076 2914 1209 3010 editus,

130 3056 208 3130 quo
226 3035 406 3113 audientia
419 3035 633 3133 postuletur.
690 3032 835 3110 Deinde
853 3035 889 3113 in
906 3040 1008 3112 nullo
1027 3037 1207 3114 librorum
1288 3114 1290 3120 s

128 3155 358 3252 sequentium
374 3158 534 3253 reperire
551 3153 602 3233 est
612 3154 864 3253 fragmentum,
891 3159 989 3251 qnod
1001 3155 1128 3233 Hilarii
1139 3174 1209 3229 no·
1230 3173 1232 3177 ·

85 3295 87 3330 ³
128 3280 291 3357 minent
313 3275 498 3353 scribentis
522 3279 565 3353 ad
589 3275 865 3354 Constantinum
892 3276 1150 3371 Imperatorem
1166 3275 1207 3354 in

129 3397 306 3488 Concilio
331 3399 492 3473 laudavit
519 3396 729 3473 Caelestinus
757 3398 865 3493 Papa,
893 3396 1137 3473 &Arnobius
1158 3393 1204 3472 L.

126 3519 175 3598 11.
206 3519 255 3594 de
278 3517 448 3595 conflictu
465 3540 546 3595 cum
562 3518 683 3613 Serap.
700 3517 857 3598 inseruit.
912 3516 1099 3593 Postremo
1117 3516 1206 3593 Hie·

127 3659 309 3733 rooympa
330 3640 461 3717 librum
481 3640 607 3715 Hilarii
625 3640 661 3713 in
681 3639 928 3715 Constantium
942 3640 1014 3732 jam
1030 3639 1106 3712 vita
1122 3637 1204 3713 fun·
1277 3724 1290 3732 ,

129 3756 226 3836 num
245 3776 442 3836 memorate
476 3781 558 3836 curn
577 3762 668 3835 vivo
688 3756 904 3836 Constantio
922 3758 1100 3857 treslistos
1121 3756 1203 3835 scri·

125 3871 216 3980 'ptos
236 3878 646 3960 iuisiecertiffimumsit
841 3867 853 3877 ’

229 4000 321 4080 Hoc
334 3992 421 4079 iicet
439 4006 490 4080 ita
505 4001 585 4097 sint,
611 4003 701 4076 alios
717 4016 838 4079 tamen
854 4000 898 4076 ab
915 4000 970 4077 his
983 4001 1126 4079 minime
1139 3995 1201 4075 de·

124 4121 302 4200 iterandi
320 4123 391 4200 effe
409 4124 601 4199 videntur:
626 4120 868 4199 Fortunarum
884 4122 1027 4216 quidem
1048 4144 1067 4196 a
1085 4120 1200 4215 Sulpi·
1266 4131 1270 4138 “

126 4245 187 4323 cio
205 4246 403 4347 receptum
419 4243 503 4344 esic,
528 4245 626 4324 hunc
644 4264 740 4321 vero
757 4246 870 4327 nimio
881 4242 1071 4347 brevitatis
1080 4238 1198 4316 studio
1262 4292 1265 4298 -

626 4362 703 4458 d4
1079 4374 1154 4439 tter
