2742 4959
486 657 706 736 Laura
752 655 804 736 V.
971 689 977 700 ·
1112 684 1180 742 ru

142 849 198 905 ure
214 822 408 904 secundum
423 817 568 896 Sabellis
585 819 796 915 opinionem
811 820 955 915 impium
970 819 1184 902 existimare·

142 950 214 1006 arr:
240 920 1091 1016 &itahocpraedieationissuemodomassicus,
1118 944 1181 1004 aut

147 1034 223 1105 ium
242 1026 465 1119 excluderet,
477 1038 553 1104 „aut
565 1042 630 1116 per
643 1023 748 1098 alium
757 1021 943 1120 noneffet,
969 1038 1182 1124 auttantum

142 1120 587 1208 inominibusunumesset:
601 1123 849 1212 quiaounitas
857 1111 962 1199 alium
968 1125 1137 1220 nesciret,
1146 1128 1182 1201 da

147 1233 204 1302 ius
218 1249 295 1303 non
307 1226 537 1320 permitteret
553 1223 739 1311 unionem,
765 1221 890 1297 &duo
908 1245 999 1302 unus
1016 1224 1182 1303 essenon

142 1327 245 1504 off2et
251 1426 324 1504 Sed
341 1445 412 1502 nos
430 1419 636 1521 sapientiam
654 1419 750 1515 Dei,
781 1435 859 1517 qua
877 1423 1016 1499 mundo
1034 1424 1185 1505 stultitia

142 1525 180 1623 i,
206 1526 410 1618 consecuti,
435 1525 551 1618 &per
565 1517 651 1597 fidei
666 1521 856 1596 dominice
872 1519 1058 1601 salutarem
1072 1529 1183 1605 &sin-

142 1649 235 1704 eram
249 1626 523 1717 confessionem,
547 1623 705 1717 viperea
721 1621 893 1698 dostrinae
905 1622 1185 1710 fraudulentiam

142 1729 314 1824 rodituri,
339 1729 437 1801 hunc
453 1722 694 1842 responsionis
710 1722 841 1796 nostrae
855 1724 1019 1800 ordinem
1031 1728 1183 1805 inchoa·

142 1829 263 1921 imus,
308 1829 369 1919 qui
397 1825 431 1898 dt
457 1823 592 1897 aditum
618 1821 681 1897 fibi
706 1821 987 1897 demonstranda
1018 1829 1181 1907 veritatis

142 1932 341 2021 equitaret,
373 1943 444 1998 nec
469 1921 505 1998 se
525 1923 690 2016 periculo
712 1923 828 2015 impie
847 1920 1074 2014 profeffionis
1092 1929 1183 2004 inse·

142 2046 234 2101 eret:
267 2036 472 2117 temperato
491 2022 587 2096 inter
602 2034 796 2113 utrumque
809 2020 1077 2118 moderamine,
1102 2049 1183 2105 non

142 2140 288 2222 egantes
308 2125 429 2197 Deum
449 2142 579 2215 unum,
603 2117 664 2194 sed
682 2129 731 2193 e'o
743 2118 821 2213 ipso
836 2117 983 2196 austore
1001 2124 1123 2201 Deum
1145 2128 1183 2203 da

142 2231 260 2319 >eum,
294 2243 360 2319 per
380 2243 486 2316 quem
500 2221 602 2298 Deua
617 2240 710 2295 unus
724 2221 937 2316 predicatus
951 2219 1024 2318 est,
1056 2228 1185 2320 predia

142 2341 258 2416 antes3
291 2325 326 2396 da
348 2324 467 2398 Deum
487 2342 598 2397 unum
611 2341 689 2395 non
706 2340 773 2417 per
784 2323 955 2398 unionem
974 2324 1181 2426 docentes,

142 2446 233 2519 eque
263 2423 400 2500 rursum
427 2422 471 2498 ad
498 2421 714 2498 diversitatis
740 2442 927 2497 numerum
950 2424 1182 2524 desecantes,

142 2549 233 2620 eque
259 2538 390 2598 contra
408 2535 548 2600 tantum
563 2524 604 2600 iu
616 2522 824 2598 nominibus
842 2521 1086 2616 confitentes,
1118 2529 1182 2606 sed

142 2633 234 2700 teum
251 2626 287 2699 dt
304 2621 630 2718 Deun,·5rep0fita
644 2621 680 2694 da
699 2621 807 2694 dilata
824 2622 940 2694 adhuc
954 2624 1098 2716 plenius
1105 2631 1185 2703 nni·

142 2730 195 2798 rtis
208 2722 414 2817 quastione,
432 2721 684 2798 monstrantes.
710 2718 825 2793 Reste
833 2721 927 2793 enim
936 2740 1046 2796 unum
1061 2725 1182 2806 Deum

154 2823 289 2916 Moyse
307 2823 540 2918 praedicatum
554 2817 753 2913 Evangelia
768 2816 961 2895 testantur:
987 2821 1023 2894 du
1041 2823 1181 2906 rursum

144 2926 272 2996 delitet
293 2924 330 2996 in
347 2917 556 3017 Evangeliis
573 2917 695 2992 Deum
708 2916 744 2989 da
758 2916 880 2992 Deum
899 2918 1046 3017 doceri,
1069 2924 1184 3021 Moy.

142 3046 164 3097 s
185 3020 304 3095 Deum
317 3040 429 3093 unum
439 3018 637 3113 praedicans
654 3013 779 3090 sudor
793 3015 855 3093 est.
906 3017 1179 3114 Atqueitanon

142 3122 317 3196 ‚idiotitati
336 3120 556 3194 contraitum
569 3115 641 3204 est,
667 3116 727 3191 sed
744 3139 790 3192 ex
806 3115 1021 3197 audiorimte
1031 3123 1182 3220 respon.

142 3245 185 3299 tm
210 3221 282 3315 est,
320 3242 367 3296 ne
394 3241 459 3314 per
475 3219 512 3294 id
527 3218 599 3292 Dei
620 3213 732 3293 filium
751 3220 879 3292 liceret
894 3220 1015 3298 Deum
1031 3231 1180 3324 negari,

142 3325 195 3397 uia
215 3323 260 3397 ad
275 3321 382 3396 israel
398 3320 499 3395 Deus
519 3339 613 3396 unus
631 3315 701 3392 est:
726 3339 809 3392 cum
825 3316 1026 3395 confitendi
1041 3321 1114 3400 Dei
1138 3324 1180 3401 fi.

142 3445 197 3499 um
216 3423 335 3497 Deum
350 3423 446 3497 idem
459 3418 584 3495 auctor
600 3417 710 3517 esset,
737 3420 796 3516 qui
809 3417 934 3495 audior
947 3420 1000 3496 est
1013 3422 1086 3497 Dei
1098 3429 1181 3502 uni.

142 3547 154 3598 s
197 3521 396 3596 raedicandi.

170 3547 220 3712 pg.
246 3621 412 3713 Sequitur
424 3620 548 3713 itaque
566 3616 731 3695 ordinem
745 3616 949 3712 questionis
964 3621 1072 3699 etiam
1080 3627 1178 3704 ordo

142 3721 272 3793 innexi
294 3721 358 3794 sabi
378 3721 502 3796 libelli.
568 3717 666 3794 Nam
694 3719 777 3811 quia
797 3721 880 3820 'haec
901 3717 1052 3814 sequens
1076 3729 1178 3827 impii

142 3819 342 3895 ssandimenti
356 3822 470 3913 pofita
487 3817 664 3893 sententia
677 3819 748 3893 est:
775 3823 936 3894 lisovimus
951 3849 1053 3895 unum
1071 3830 1179 3901 Dauni

142 3947 244 4011 rrum,
277 3919 361 3993 hinc
380 3940 527 4013 quoque
542 3919 687 3992 secundi
704 3917 809 4012 hujus
828 3921 909 3995 libri
926 3926 1044 4000 omnis
1058 3924 1178 4003 sermo

142 4019 292 4113 infistit,
331 4040 376 4093 an
403 4017 498 4093 filius
521 4017 595 4094 Dei
619 4018 723 4093 Deus
748 4041 857 4094 verus
881 4022 935 4097 sit.
983 4023 1081 4099 Nam
1103 4027 1180 4103 fino

142 4125 222 4196 rbio
243 4122 280 4194 in
304 4122 404 4194 hunc
422 4117 458 4193 se
478 4120 643 4192 ordinem
669 4121 827 4196 haretici
847 4124 981 4221 ingenii
1002 4123 1179 4202 subtilitas

142 4223 321 4317 raptavit,
346 4222 500 4316 primum
520 4243 619 4290 unam
638 4223 744 4294 Deum
763 4222 909 4318 dicens,
935 4224 1181 4299 deindeununr

142 4348 221 4403 rrum
237 4327 345 4398 Deum
365 4317 568 4400 confitens:
601 4333 645 4396 ut
653 4341 721 4418 pet
739 4322 778 4400 id
791 4318 906 4406 filium
921 4321 995 4401 nei
1009 4345 1031 4399 a
1046 4339 1181 4412 flaturi

1030 4424 1138 4526 nei,
