2742 4959
134 184 1299 462 u

177 697 240 778 ‚14
395 668 430 748 8.
464 655 747 774 Hr'uanrrz'nr,
780 663 1059 740 an'urrarn'

190 819 502 936 regenerationem
527 826 763 903 obtinendam
786 825 956 919 potestati
971 827 1048 901 'suae
1071 828 1271 927 permiliap

192 959 313 1013 curam
328 938 365 1009 in
381 933 416 1007 se
430 931 587 1027 parentis
604 929 653 1002 sui
673 927 929 1019 Creatorisque
943 926 1167 1022 cognoscens
1181 953 1262 1007 non

191 1043 229 1113 in
259 1038 407 1110 nihilum
428 1029 654 1126 redigendam
681 1025 716 1100 se
740 1048 806 1124 per
827 1049 909 1102 eum
930 1031 1152 1120 existimans,
1192 1054 1261 1126 per

194 1159 299 1230 quem
321 1137 356 1207 in
374 1135 446 1206 lroc
464 1129 594 1225 ipsum,
620 1127 718 1220 quod
736 1126 807 1218 est,-
835 1150 880 1200 ex
898 1129 1014 1202 nihilo
1033 1129 1262 1209 substitisset:

183 1239 228 1312 ⁴&
248 1239 324 1311 lraec
339 1233 459 1306 omnia
475 1233 567 1302 ultra
584 1228 829 1323 intelligentiae
848 1229 1008 1302 humanae
1017 1233 1169 1303 metiens
1184 1230 1263 1307 sen·

193 1337 289 1428 sum,
323 1336 405 1426 quia
428 1331 523 1404 ratio
540 1331 783 1403 communium
802 1328 1016 1420 opinionum
1036 1331 1170 1404 consilii
1193 1354 1262 1405 cae·

193 1435 288 1512 lestis
305 1436 471 1525 incapax,
496 1431 571 1504 hoc
587 1425 701 1502 solum
719 1442 824 1522 putet
840 1429 877 1500 in
896 1444 1025 1502 natura
1043 1451 1159 1503 rerum
1172 1432 1261 1527 else,

154 1562 155 1566 ¹
193 1535 294 1630 quod
320 1550 382 1608 aut
406 1535 498 1606 intra
525 1529 561 1604 se
588 1529 788 1625 intelligat,
827 1543 889 1600 aut
906 1528 1069 1622 praeliare
1092 1531 1196 1623 poilrt
1213 1555 1264 1609 ex

192 1635 277 1712 sese.
336 1633 407 1707 Del
429 1646 550 1704 autem
570 1630 727 1701 virtutes
752 1625 943 1701 secundum
959 1629 1263 1728 magnificentiam

167 1773 171 1790 ι
194 1751 336 1810 aeternae
349 1730 557 1830 potestatis,
582 1750 658 1802 non
674 1726 786 1820 sensu,
813 1728 870 1801 sed
886 1725 968 1802 fidei
984 1729 1161 1808 infinitate
1174 1754 1265 1825 pen·

194 1837 320 1910 debat:
346 1847 388 1906 ut
403 1833 523 1906 Deum
533 1831 570 1902 in
585 1832 762 1922 principio
775 1828 994 1922 apudDeum
1008 1830 1090 1925 else,
1118 1832 1152 1902 ἃ
1166 1834 1285 1907 Vera

113 1983 118 1994 ,
193 1939 280 2010 bum
308 1953 451 2008 carnem
476 1928 606 2005 latium
630 1926 801 2002 habitass‘e
817 1931 853 2002 in
867 1930 994 2024 nobis,
1029 1953 1105 2005 non
1121 1931 1262 2007 idcirco

193 2058 272 2110 non
295 2034 483 2109 crederet,
521 2030 603 2121 qula
621 2051 697 2101 non
715 2029 965 2125 intelligerem
991 2028 1049 2105 sed
1069 2031 1208 2107 idcirco
1225 2033 1263 2109 se

193 2133 406 2212 meminisset
419 2131 620 2228 intelligere
632 2127 751 2220 polle,
778 2129 801 2200 sa
820 2131 995 2202 crederet.

275 2258 330 2329 13.
357 2233 414 2304 Ac
439 2253 486 2304 ne
510 2232 547 2301 in
565 2230 685 2320 aliquo
703 2228 876 2300 saecularis
890 2230 1087 2319 prudentiae
1103 2233 1263 2308 tardare·

195 2350 255 2408 tur
279 2354 427 2411 errore,
459 2331 501 2402 ad
522 2327 588 2420 piae
607 2326 836 2400 consessionis
851 2330 953 2420 hujus
977 2329 1261 2410 absolutillimam

195 2433 305 2510 fidem
324 2437 375 2506 ita
394 2429 534 2522 insuper
551 2447 616 2520 per
630 2425 848 2520 Apostolum
865 2429 995 2502 divinis
1011 2432 1109 2502 ditiis
1128 2433 1263 2507 edoce·

197 2551 267 2610 tur.
319 2532 506 2627 „Vidcte,
533 2549 579 2598 ne
601 2529 677 2616 quis
694 2550 761 2598 vos
782 2527 908 2619 spoliet
926 2531 1263 2624 perphilosophiam

196 2690 225 2728 „
254 2636 288 2707 dr
308 2636 450 2707 inanem
471 2628 723 2719 deceptionem
740 2626 930 2699 secundum
948 2633 1176 2704 traditionem
1195 2635 1263 2708 ho·

197 2785 224 2829 „
249 2739 404 2818 minum,
431 2728 623 2814 secundum
642 2729 818 2798 elementa
834 2730 976 2814 mundi,
1004 2732 1125 2803 &non
1142 2731 1265 2807 secun·

198 2891 226 2930 „
252 2836 337 2908 dum
362 2830 557 2905 Christum:
595 2828 677 2917 quia
701 2827 828 2919 inipso
852 2830 1026 2901 inhabitat
1046 2834 1160 2904 omnis
1185 2837 1264 2926 ple·

198 2988 225 3030 ,‚
252 2935 380 3009 nitardo
404 2930 601 3003 divinitatis
630 2931 891 3020 corporaliter,
928 2931 1054 3002 &cilis
1073 2934 1106 3002 in
1124 2936 1187 3004 illo
1207 2956 1264 3008 re-

198 3089 226 3130 „
254 3035 363 3127 pleti,
402 3030 460 3120 qui
480 3027 530 3100 est
549 3042 657 3118 caput
679 3031 795 3098 omnis
818 3032 1035 3119 principatus
1055 3031 1086 3103 δι
1103 3035 1263 3125 potesla-

197 3183 223 3228 ‚,
247 3138 312 3207 tis:
344 3134 380 3203 in
409 3127 530 3218 quo&
557 3127 748 3197 circumcisi
766 3127 865 3212 eliis,
903 3131 1262 3208 circumcisionenon

199 3289 228 3328 „
252 3253 360 3308 manu
385 3227 475 3301 satia
497 3229 532 3297 in
561 3223 821 3315 exspoliatione
843 3233 1008 3319 corporis
1027 3233 1161 3318 camis,
1203 3235 1263 3308 sed

198 3385 224 3422 ,‚
251 3327 519 3406 circumcisione
536 3323 684 3417 Christi,
712 3325 912 3418 consepulti
930 3331 959 3400 ei
983 3334 1017 3402 in
1036 3332 1260 3427 baptismate,

199 3486 227 3530 „
252 3437 289 3508 in
313 3454 386 3526 quo
407 3431 440 3502 &
460 3424 693 3500 resurrexistis
716 3423 903 3518 perfidem
926 3434 1150 3522 operationis
1167 3435 1262 3518 Dei,

198 3592 226 3632 „
254 3535 314 3626 qui
332 3532 506 3605 excitavit
526 3549 606 3600 eum
626 3549 645 3597 a
667 3529 831 3602 mortuis.
882 3528 929 3600 Et
942 3553 1033 3623 vos,
1074 3554 1153 3607 cum
1177 3534 1262 3607 else·

199 3691 229 3732 „
256 3637 301 3705 tis
317 3630 449 3718 mortui
470 3630 507 3710 ¹in
525 3623 687 3714 delitiis,
716 3627 747 3698 dr
765 3632 1042 3721 preputiatione
1058 3637 1173 3706 carnis
1198 3659 1261 3710 vc·

199 3789 227 3834 „
253 3733 351 3825 stru,
372 3725 582 3803 'vivificavit
600 3749 680 3798 cum
696 3727 780 3817 ilio,
806 3730 946 3801 donatis
967 3734 1072 3803 uobis
1092 3738 1260 3809 omnibus

199 3894 227 3932 „
257 3835 414 3921 delictis,
448 3832 570 3900 delens
599 3826 697 3916 quod
715 3827 984 3901 aduersumnos
1004 3847 1103 3923 erat,
1144 3837 1263 3907 ehiro-

198 3991 227 4035 „
254 3936 426 4031 graphum
448 3930 484 3999 in
507 3928 710 4018 sententiis,
744 3929 841 4018 quod
863 3945 940 4001 erat
961 3935 1180 4006 contrarium
1198 3958 1265 4008 oo·

200 4095 228 4133 „
253 4039 328 4110 bis:
362 4033 396 4103 u
418 4025 529 4123 ipsum
548 4026 631 4098 tulit
654 4028 837 4119 emedio,
873 4028 1016 4124 affigens
1036 4034 1123 4106 iilud
1138 4038 1261 4109 cruci:

199 4196 228 4235 „
255 4150 384 4212 exutus
411 4151 575 4216 carnem,
611 4126 862 4217 &potestates
882 4129 1036 4205 ostentui
1056 4134 1161 4221 fecit,
1201 4139 1261 4204 tri-

199 4295 227 4334 „
254 4235 431 4329 umplratis
450 4233 589 4304 liscum
608 4223 738 4299 fiducia
761 4228 795 4299 in
819 4228 1016 4324 semetipso.
1034 4235 1061 4274 “
1112 4229 1261 4320 Respuit

200 4337 377 4434 captiosas
394 4331 584 4408 &inutiles
596 4325 833 4423 philosophia
844 4331 1055 4424 quaestiones
1069 4329 1156 4404 fides
1174 4351 1262 4407 con·

1095 4429 1210 4529 stans,
