2742 4959
519 631 841 726 LrnrrnV.
1147 672 1219 748 115

222 828 257 901 8.
282 815 340 892 Ut
363 811 506 911 plenior
525 824 644 888 autem
667 824 822 896 nature,
857 822 974 905 atque-
989 817 1217 908 operationis

150 924 287 997 veritas
311 920 522 1003 doceretur3
563 913 622 1007 qui
647 910 780 987 sensum
806 912 904 990 suum
926 934 991 1008 per
1007 918 1119 991 verba
1140 920 1216 991 elo·

150 1024 347 1115 quebntur,
374 1014 490 1090 sensus
510 1034 658 1108 quoque
674 1014 852 1088 rationem
865 1031 1046 1088 exnatnra
1058 1037 1139 1092 cum
1151 1039 1217 1094 ve·

150 1126 257 1194 ritate
279 1119 448 1211 subjecit,
482 1117 622 1189 dicens:
658 1116 711 1186 Ar
735 1121 900 1211 imaginem
916 1111 956 1193 o
971 1116 1216 1207 finilimdimm

150 1224 290 1320 najlram.
342 1217 415 1292 Ubi
433 1216 484 1290 est
505 1217 562 1289 hic
582 1211 685 1288 falsus
701 1216 814 1307 Deus,
840 1216 899 1288 cui
921 1220 1141 1295 vernonem
1163 1220 1214 1293 di·

150 1326 215 1395 cit:
241 1324 292 1394 Aa
311 1324 479 1411 imaginem
488 1310 942 1412 dissmilitadinonnollrom.²
969 1317 1119 1415 Nostram
1134 1339 1214 1395 nou

150 1425 255 1497 lrabet
277 1425 471 1509 unionem,
504 1416 705 1490 nonhabet
720 1416 982 1507 diversitatem,
1010 1420 1215 1495 nonhabet

150 1523 410 1596 discretionem.
461 1515 587 1591 Homo
610 1516 706 1590 enim
738 1517 781 1588 ad
809 1536 1036 1592 communem
1062 1518 1128 1614 fit,
1166 1519 1217 1595 se·

150 1626 299 1695 :undum
320 1621 511 1692 veritatem
527 1614 713 1709 sermonis,
738 1615 939 1712 imaginem.
992 1614 1214 1694 Communio

150 1741 263 1796 antem
288 1720 375 1793 falso
399 1737 564 1810 veroque
591 1738 668 1789 non
685 1716 874 1809 competit.
928 1720 1053 1809 neus,
1080 1722 1140 1812 qui
1158 1723 1215 1794 lo·

150 1823 282 1914 quitur,
312 1821 353 1892 ad
375 1821 485 1891 ileum
500 1817 679 1909 loquitur:
691 1877 695 1885 .
709 1817 752 1888 ad
767 1815 879 1888 Patris
896 1816 1018 1891 &Filii
1026 1820 1214 1917 imaginem

150 1926 259 1996 domo
277 1919 458 1991 conditur.
509 1916 657 1989 Nomen
671 1937 747 1988 non
765 1915 961 2008 discrepat,
986 1931 1115 1990 natura
1134 1941 1213 1996 non

150 2020 280 2095 differt.
333 2016 418 2089 Una
434 2014 528 2090 enim
543 2014 594 2110 est
609 2016 783 2110 imaginis,
808 2014 851 2086 ad
868 2037 972 2105 quarn
989 2018 1103 2090 homo
1115 2038 1214 2100 crea·

150 2141 205 2193 :us
232 2118 300 2208 est,
336 2115 481 2208 species.
534 2113 582 2187 Et
602 2115 697 2200 inter
721 2115 797 2188 haec
817 2120 949 2192 veritas
966 2116 1027 2190 ubi
1045 2117 1212 2214 deperit,

150 2235 314 2294 manente
328 2219 421 2290 inter
432 2213 757 2307 utrumquenfatti
771 2220 1044 2309 communione,
1071 2217 1214 2295 &com-

150 2322 262 2395 munis
279 2318 439 2415 imaginis
456 2313 636 2389 veritate?
669 2312 845 2389 Nondum
862 2317 1091 2392 absolvendae
1107 2319 1213 2414 hujus

150 2420 350 2510 quaestionis
383 2418 468 2493 mihi
495 2433 635 2508 tempus
653 2413 722 2490 est:
760 2415 935 2508 posterius
955 2420 1049 2492 enim
1066 2419 1216 2496 demon·

150 2520 353 2613 litabimus,
379 2520 416 2592 in
438 2539 542 2611 quam
562 2516 751 2612 imaginem
770 2518 833 2589 Dei
850 2518 983 2610 patris',
1010 2517 1126 2592 &Dei
1148 2517 1214 2594 lilii

150 2624 259 2694 honio
276 2619 446 2693 conditus
469 2617 520 2692 stt.
571 2616 683 2689 Nunc
697 2616 842 2690 interim
859 2618 931 2688 hoc
945 2632 1132 2710 tenemus,
1165 2641 1214 2694 an

150 2721 211 2793 iste
230 2742 338 2791 verns
351 2725 443 2791 lleus
463 2736 538 2790 non
550 2715 605 2806 fit,
633 2715 689 2786 cni
705 2735 811 2786 verus
824 2717 914 2786 [leus
924 2716 1073 2789 dixerit:
1102 2722 1215 2792 Facia-

150 2849 215 2889 mus
230 2824 387 2890 ltornmrem
405 2821 445 2886 ad
457 2819 620 2908 imaginem
633 2813 922 2909 imsimilitudinem
939 2816 1089 2913 nostram.
1140 2814 1212 2892 Dis-

150 2942 278 3009 cerne,
304 2918 343 2989 ⁴st
369 2915 453 3006 quid
470 2927 598 3005 potes,
632 2913 669 2984 in
688 2913 755 2985 hac
776 2913 936 3010 imaginis
957 2917 1215 2993 communione

150 3040 278 3090 verum
301 3030 407 3107 atque
433 3009 574 3089 falsum:
602 3009 826 3086 &haeretico
847 3013 970 3089 furore
986 3018 1061 3090 haec
1075 3017 1216 3094 indiffe-

150 3120 276 3192 cabilia
291 3115 428 3189 decide.
480 3111 602 3186 Unum
621 3113 715 3187 enim
732 3112 832 3205 sunt,
860 3135 1012 3207 quorum
1027 3119 1215 3218 imaginis,

150 3215 433 3293 &similitudinis
446 3233 555 3287 unum
571 3212 621 3286 est
634 3213 747 3288 homo
765 3210 877 3286 fadus
896 3217 1111 3312 exemplum.

227 3343 260 3415 9.
288 3317 357 3390 Sed
369 3315 551 3405 sequamur
562 3311 914 3405 ordinemleilionis,
932 3318 1115 3391 utveritas
1129 3316 1215 3395 sem·

150 3441 215 3515 per
239 3419 299 3492 sibi
318 3417 504 3489 coherens
524 3434 599 3485 non
624 3414 829 3487 demutetur
846 3414 1072 3489 offendiculo
1090 3418 1217 3493 fellita·

150 3523 210 3594 tis.
266 3521 310 3590 Et
332 3518 410 3604 fecit
432 3520 521 3587 Deus
535 3515 714 3600 bominem
739 3516 779 3585 ad
796 3520 961 3607 imaginem
975 3518 1216 3608 Deifeciieunr.

150 3619 273 3712 Imago
292 3617 491 3691 communis
511 3611 573 3690 est.
638 3615 731 3687 Deus
746 3611 790 3687 ad
812 3616 998 3711 imaginem
1016 3620 1078 3692 [lei
1100 3620 1217 3694 homi·

150 3717 341 3792 nemfecit.
395 3716 604 3816 Quiverum
614 3717 725 3788 Deum
735 3711 843 3787 filium
857 3716 918 3788 Dei
933 3716 1098 3815 denegat,
1126 3741 1221 3812 quaeae

150 3840 219 3906 το,
247 3816 289 3887 ad
304 3818 403 3909 cujus
417 3817 478 3888 Dei
491 3815 677 3911 imaginem
694 3837 714 3885 a
731 3817 808 3886 [leo
820 3812 947 3891 facium
965 3817 1149 3893 hominem
1166 3822 1219 3892 in·

150 3920 303 4011 telligat.
354 3916 694 3988 Meminetittamen
713 3913 848 4008 semper
860 3937 925 4014 per
936 3915 966 3990 F
967 3919 1065 3992 ilium
1081 3920 1217 4011 omnim

150 4041 199 4095 ne
228 4017 327 4090 forte
350 4015 516 4089 haeretica
541 4015 776 4112 intelligentia
795 4018 1047 4110 operationem
1062 4018 1124 4091 libi
1154 4020 1220 4091 liei

150 4121 262 4213 patris
290 4129 451 4208 coaptet.
507 4114 543 4186 Si
559 4117 666 4213 igitur
684 4116 729 4189 nd
743 4117 931 4212 imaginem
946 4119 1008 4192 Dei
1021 4119 1131 4213 patris
1152 4137 1218 4210 per

150 4216 264 4296 filium
284 4221 394 4289 Deum
405 4217 519 4310 homo
530 4217 714 4308 conditur,
742 4219 909 4289 conditur
923 4239 1068 4311 quoque
1082 4218 1126 4291 ad
1135 4220 1219 4293 ima·

152 4320 271 4419 ginem
285 4318 384 4394 Filii:
411 4316 494 4410 qnia
503 4335 613 4394 nemo
626 4315 724 4502 ΙΡίίὶίο
739 4314 874 4400 einum
884 4317 1064 4422 denegata
1092 4321 1257 4395 actm.

697 4441 720 4496 2
1102 4424 1219 4520 gintm
