2742 4959
198 585 272 723 rsa,
398 621 436 700 S.
465 591 663 726 Hrniurr
692 643 752 700 oa
781 575 1057 701 Tururrnrs

135 819 138 823 ·
197 785 395 879 &ineffes3
422 785 482 863 sed
496 785 604 862 inelse
623 797 660 861 te
675 787 712 861 in
726 808 795 881 eo,
822 788 882 881 qui
899 809 946 861 ex
961 800 999 862 te
1014 787 1123 885 esset,
1150 792 1272 884 persei

198 891 262 968 sle
285 890 485 964 natiuitatis
506 888 644 970 ‚veritas
672 888 858 962 edoceret.
908 887 995 962 Hoc
1021 890 1108 964 mihi
1127 893 1266 971 nusum

197 991 417 1086 evangelicae
432 985 764 1082 atqueapostolicae
783 1009 898 1062 voces
916 989 1138 1083 loquuntur,
1165 992 1200 1066 ἅ
1219 1017 1267 1069 ex

194 1089 273 1190 ipso
291 1090 399 1164 sacro
424 1088 612 1185 Unigeniti
633 1090 688 1162 tui
710 1108 776 1162 ore
799 1087 947 1163 condita
968 1090 1006 1163 in
1020 1091 1134 1163 libros
1151 1096 1267 1170 verba

194 1191 390 1283 testantur,
420 1188 550 1264 Filium
576 1201 677 1262 tuum
703 1210 749 1262 ex
774 1200 813 1262 te
828 1189 992 1286 ingenito
1010 1193 1088 1264 Deo
1104 1194 1267 1291 unigeni·

193 1305 272 1366 tum
292 1295 427 1381 ileum,
450 1288 699 1364 hominemex
715 1288 868 1386 Virgine
886 1289 929 1385 ad
950 1289 1158 1382 mysterium
1177 1291 1267 1368 salu·

83 1378 85 1390 '
193 1395 241 1466 tis
259 1413 345 1465 meae
361 1403 503 1464 natum:
530 1390 662 1482 inquo
682 1398 721 1463 te
738 1389 982 1487 generationis
1001 1413 1047 1464 ex
1064 1402 1102 1464 te
1125 1396 1264 1469 ueritas

193 1485 425 1582 contineret,
448 1488 489 1562 ,ἀ
514 1508 622 1583 quem
640 1489 734 1566 inte
748 1491 924 1586 manentis
946 1512 993 1564 ex
1007 1503 1045 1565 te
1061 1492 1261 1570 nativitatis

190 1609 320 1669 natura
337 1590 523 1666 retineret.

270 1713 327 1767 to.
354 1689 396 1764 ln
412 1690 510 1782 quod
529 1711 613 1786 me,
647 1711 740 1785 oro,
774 1691 997 1787 profundum
1014 1687 1188 1787 desperati
1204 1713 1262 1768 re·

191 1789 288 1868 ditus
302 1789 474 1866 mersisti?
500 1791 589 1867 Haec
604 1792 701 1866 enirn
718 1812 788 1887 ego
803 1792 853 1866 ita
876 1792 1004 1887 didici,
1029 1795 1080 1866 ita
1099 1794 1260 1890 credidi,

191 1893 226 1967 da
253 1894 304 1966 ita
330 1888 554 1967 confirmatae
579 1893 713 1967 mentis
735 1889 809 1970 side
831 1905 965 1988 teneo,
990 1913 1038 1966 ne
1058 1906 1120 1966 aut
1135 1894 1261 1990 pollim

191 1994 340 2067 credere
364 1989 488 2082 iliter,
528 2006 591 2066 aut
611 1993 733 2068 velim.
786 1993 885 2094 Quid
899 2015 957 2070 me
972 1993 1134 2069 miserum
1156 1995 1201 2069 de
1220 2009 1261 2070 te

188 2092 365 2194 fefellisti,
393 2090 624 2168 &infelicem
647 2113 812 2185 carnem,
838 2109 946 2185 atque
963 2095 1113 2169 animam
1134 2096 1259 2170 alienae

189 2211 264 2269 ate
284 2192 506 2289 cognitionis
529 2192 691 2266 dourlna
708 2190 915 2292 perdidisti?
941 2194 1092 2288 Decepit
1107 2217 1165 2268 me
1177 2193 1260 2289 post

152 2319 157 2329 ·
189 2294 289 2367 rubri
310 2293 415 2366 maris
438 2293 649 2370 divisionem
669 2292 786 2391 gloria
804 2291 1050 2368 descendentis
1069 2295 1114 2368 de
1130 2307 1260 2369 monte

186 2392 325 2485 Moysi,
353 2391 387 2465 n
408 2393 669 2467 omniatecum
686 2409 900 2467 arcanorum
918 2393 1106 2468 caelestium
1119 2393 1259 2469 secreta

187 2494 381 2568 cernentis.
435 2491 532 2565 Huic
551 2514 621 2588 ego
638 2493 682 2566 de
699 2492 737 2567 tb
750 2493 872 2565 verbis
889 2495 959 2567 tuis
976 2493 1118 2567 credidi.
1171 2492 1258 2565 Per-

186 2594 278 2667 didit
296 2615 353 2666 me
376 2609 542 2685 repertus
560 2593 755 2667 secundum
773 2612 839 2666 cor
858 2607 961 2668 tuum
978 2593 1111 2685 David,
1138 2591 1174 2667 δι
1202 2595 1256 2666 di-

154 2779 156 2783 ,
184 2716 277 2792 gnus
292 2692 465 2768 Salomon
486 2694 617 2767 divinae
631 2693 811 2787 sapientise
829 2716 998 2787 munere,
1024 2693 1060 2778 ‚da
1081 2692 1159 2766 viso
1185 2697 1257 2767 llo-

184 2796 286 2872 mino
314 2795 473 2867 Sabaoth
497 2793 613 2867 Esaias
629 2794 850 2888 praedicans,
894 2795 1031 2869 &ante
1049 2796 1257 2868 conforma-

184 2896 324 2970 tionem
339 2892 574 2968 sanctificatus
589 2896 627 2967 in
642 2910 751 2970 utero
766 2895 935 2989 Jeremias
949 2895 1255 2988 eradicandarum,

183 2995 513 3089 &plantandarum
536 3000 695 3091 gentium
716 2998 935 3091 prophetes,
971 2998 1006 3070 dr
1021 2998 1178 3093 mysterii
1199 3019 1256 3071 re·

182 3093 410 3167 surrediionis
438 3091 610 3167 Ezechiel
635 3095 756 3188 testis,
788 3096 898 3168 &vir
919 3097 1173 3173 desideriorum
1191 3101 1257 3169 Da·

181 3194 257 3267 niel
274 3209 479 3285 temporum
494 3193 673 3286 conscius,
700 3195 735 3267 dr
749 3196 1009 3289 prophetarum
1024 3199 1254 3270 consecratus

181 3295 332 3385 chorus,
359 3297 394 3364 &
413 3315 522 3366 omne
540 3293 805 3385 predicationis
824 3300 1042 3394 evangelicae
1057 3296 1254 3368 sacramen·

181 3406 281 3487 tum,
309 3391 441 3494 elesius
459 3416 504 3467 ex
522 3395 719 3487 publicano
738 3394 936 3472 Mattheus
951 3398 986 3471 in
1005 3394 1251 3487 Apostolum,

181 3492 218 3567 u
232 3515 276 3567 ex
293 3494 535 3573 familiaritate
558 3497 704 3570 Domini
718 3499 947 3571 revelatione
966 3493 1153 3567 celestium
1171 3514 1253 3584 my·

178 3593 371 3669 steriorum
390 3594 516 3691 dignus
531 3597 709 3687 loannes,
736 3596 867 3690 &post
884 3593 1089 3672 sacramenti
1111 3592 1253 3665 confes·

178 3694 317 3767 sionem
337 3696 463 3772 beatus
481 3694 605 3770 Simon
625 3693 854 3771 aedrsrcationi
871 3693 1037 3769 Ecclesiae
1050 3691 1252 3787 subjacens,

179 3792 216 3868 ἂ
241 3796 364 3867 claves
392 3797 493 3890 regni
514 3797 658 3872 celestis
682 3797 887 3889 aotipiens,
927 3794 1104 3887 &reliqui
1121 3814 1251 3867 omnes

178 3891 299 3968 sanilo
314 3892 448 3987 Spiritu
467 3897 717 3987 predicantes,
744 3897 839 3971 &ex
856 3895 1091 3990 persecutore
1107 3895 1252 3987 aposto·

177 3996 235 4067 lus
254 4014 318 4067 vas
339 3991 525 4067 elediionis
541 4010 609 4069 tuae
625 3997 777 4091 Paulus,
804 3999 846 4070 in
859 3996 1047 4090 profundo
1066 3995 1173 4069 maris
1194 3993 1250 4066 vi·

177 4116 291 4190 vens,
304 4094 465 4169 ‘incaelo
482 4100 593 4168 tertio
614 4098 750 4190 homo,
777 4097 814 4171 in
832 4098 995 4192 paradiso
1013 4112 1097 4171 ante
1116 4109 1252 4185 marty·

175 4195 291 4290 rium,
316 4198 353 4268 in
367 4197 542 4288 martyrio
558 4197 727 4293 persestae
741 4195 825 4274 fidei
846 4198 1090 4278 consummata
1107 4198 1248 4273 libatio.

1044 4413 1103 4468 21.
1130 4388 1192 4468 Ab
