2742 4959
554 659 749 744 Vtra,
1150 667 1193 738 tt

138 823 189 896 uit
218 817 352 915 sesto,
389 817 451 896 sed
478 823 523 897 ab
547 823 647 898 omni
662 819 698 897 se
717 817 1032 915 arenosorum,
1069 819 1192 900 donec

138 946 146 1018 i
163 943 287 1040 ipsum
302 941 449 1037 publice
466 963 513 1018 ex
530 943 703 1019 consensu
722 944 882 1018 omnium
899 942 1137 1038 predicetur!
1185 961 1189 996 ;

186 1063 351 1138 Postero
366 1063 424 1137 die
437 1059 652 1138 Accaciania
665 1063 709 1137 ad
721 1061 928 1140 Concilium
937 1062 1059 1158 sepius
1073 1083 1193 1138 accer-

138 1189 207 1281 πίε,
248 1205 298 1258 ac
311 1183 441 1258 venire
458 1182 758 1279 demetiantibua,
795 1182 852 1278 hi,
890 1185 952 1279 qui
966 1183 1192 1259 homoeuiion

138 1305 382 1397 redicabant,
407 1325 535 1380 omnea
554 1325 636 1400 eoa,
663 1306 724 1400 qui
736 1305 892 1380 maxime
904 1305 978 1380 srne
991 1306 1113 1398 atiquo
1126 1305 1193 1380 im·

138 1427 267 1502 ieratis
295 1424 438 1518 pudore
461 1426 574 1500 verba
595 1423 754 1522 superius
774 1441 975 1504 memorata
992 1427 1193 1520 loqueban-

138 1569 195 1642 ur,
236 1543 592 1628 condemnaverunt.
657 1545 898 1622 condemnati
921 1546 1193 1622 advolaverunt

138 1663 421 1766 dregemsuum,
449 1661 1191 1763 exceptiquehonorificeimpietatessuaa,

138 1803 255 1862 nanta
287 1803 509 1882 potuerunt,
543 1789 741 1865 ambitione
762 1785 1084 1867 confirmaverunt.
1135 1785 1194 1866 In·

138 1927 219 1984 erec
242 1907 294 1982 ab
319 1909 432 1983 altera
449 1923 574 2004 parte,
609 1924 653 1984 ut
670 1925 749 1985 erat
766 1908 994 1992 mandatum,
1032 1909 1191 1986 rodeli·

138 2043 256 2118 untur
271 2027 402 2126 iegati,
429 2031 489 2122 qui
506 2027 765 2124 Imperatorem
781 2031 827 2104 de
839 2029 898 2124 iia,
924 2051 1003 2125 quae
1017 2027 1195 2106 decreves

138 2165 214 2242 ant,
258 2149 456 2224 certiore·
480 2149 657 2228 facerent
715 2147 876 2248 Legator
892 2151 976 2226 ilios
991 2147 1196 2226 Constanti·

138 2270 292 2367 topolim
308 2268 450 2344 secutur
467 2269 519 2345 est
532 2269 655 2346 noster
666 2271 837 2348 Hilarius.
886 2269 1005 2348 Fuere
1018 2271 1114 2345 inter
1125 2275 1195 2347 Le·

138 2409 224 2484 ptos
242 2389 394 2464 Baiilius
409 2387 640 2486 Ancyreum,
666 2389 1105 2473 Eusthatiussebastenus‚
1130 2391 1197 2467 sit·

138 2534 239 2588 tanos
267 2506 472 2601 Tarsenfia‚
506 2508 721 2586 &Eleusina
746 2510 975 2608 Cyzicenus,
1014 2513 1193 2608 primarii;

138 2637 244 2709 riiter
263 2631 301 2705 hi
315 2645 404 2706 tunc
422 2629 540 2707 affedii
555 2633 787 2726 videbantur,
812 2648 854 2706 ut
870 2630 1053 2709 Catholici
1064 2651 1194 2709 eorum

140 2752 351 2832 onsortrum
366 2769 445 2824 non
458 2750 646 2826 vitandum
666 2753 921 2828 existimarent

190 2871 557 2964 Constantinopolim
578 2870 797 2966 perveniens
816 2870 952 2947 rursum
972 2868 1109 2947 summo
1130 2871 1198 2948 do·

138 3017 198 3072 ore
211 2991 407 3090 opprediuc
424 2991 582 3068 Hilarius
598 2992 783 3091 ingemuit,
810 2991 909 3083 quod
923 2993 1028 3086 pauci
1038 2992 1197 3086 plurium

138 3109 403 3196 luminatisuut.
450 3110 864 3188 Novemdecimsciiieet
873 3109 1057 3207 Episcopi,
1074 3114 1198 3206 quier-

138 3229 676 3329 ·oremaperteprofitebantur,
703 3233 1198 3331 Imperatorisanimumprae-

138 3368 333 3445 tementes,
352 3351 808 3451 centum&quinqueaiiia‚
824 3373 978 3448 quorum
987 3354 1199 3446 diquiveria

137 3491 238 3554 atem
266 3473 391 3551 saltem
411 3473 535 3550 verbis
551 3471 811 3570 praeferebant,
847 3473 940 3550 adeo
959 3471 1127 3551 exstitere
1143 3474 1198 3552 su·

138 3601 314 3690 remorer,
339 3608 381 3669 ut
399 3615 465 3670 eoa
479 3595 576 3691 ipsos
594 3596 657 3672 fibi
677 3593 825 3674 vitiilim
842 3595 973 3672 cedere
987 3597 1198 3696 coegerint,¹

138 3741 147 3794 ι
161 3720 299 3815 quibua
315 3736 413 3792 anno
427 3713 611 3816 superiore
623 3719 666 3794 ad
680 3715 897 3795 damnandas
906 3719 1107 3814 impietates
1120 3715 1198 3792 suat

138 3839 247 3917 madii
261 3839 417 3916 firmant.
720 3849 724 3854 ·

196 3961 329 4036 Rebus
343 3955 1201 4055 Eccleiiaeiicpe'ii'omeuntibuaopemsuamnon

138 4081 326 4182 denegavit
338 4081 509 4177 Hilarius,
534 4079 593 4161 sed
608 4081 757 4156 afflidios
765 4079 968 4179 Episcopus
982 4103 1052 4178 pro
1065 4080 1124 4156 sua
1134 4081 1203 4156 hu·

138 4207 304 4284 nanitate
318 4199 523 4302 suscipiens,
549 4202 681 4277 exinde
698 4202 889 4280 tenebrosa
903 4204 1097 4298 impiorum
1110 4220 1204 4274 con·

138 4323 198 4404 itia
218 4323 418 4404 occidenti
440 4333 541 4400 tanta
559 4321 730 4422 sapientia
750 4323 945 4420 patefecit,
976 4335 1019 4396 ut
1031 4341 1149 4416 prope
1162 4324 1202 4398 in

1062 4443 1158 4522 nini·
1287 4509 1289 4512 .
