2742 4959
192 675 240 751 88
395 663 431 742 S.
460 665 656 746 Humum
685 687 745 745 ot
775 667 1048 749 Tutemet

195 849 290 904 unus
304 829 365 920 [ιτς
392 830 444 904 est
466 828 890 927 enimenigenitusfiiios
906 831 996 909 Dei:
1022 855 1098 910 non
1112 837 1266 917 innasci-

195 931 301 1022 bilis,
334 943 377 1002 ut
395 930 491 1004 Patri
506 931 659 1023 adimat,
697 931 797 1022 quod
817 931 917 1005 Deus
940 953 1030 1008 unus
1045 935 1106 1026 s1t3
1141 960 1264 1032 neque

198 1030 295 1105 aliud
313 1029 407 1124 ipse,
431 1047 537 1122 qoam
550 1025 675 1126 Deus,
702 1032 784 1123 quia
802 1051 847 1104 ex
864 1030 949 1105 Deo
965 1049 1070 1107 natus
1088 1036 1151 1115 est.
1200 1041 1264 1116 De

198 1151 274 1222 quo
290 1129 453 1222 quamvis
467 1131 595 1227 ambigi
609 1150 685 1222 non
705 1143 891 1226 oporteat,
918 1134 1003 1224 quin
1017 1134 1198 1210 nascendo
1214 1163 1263 1216 ex

196 1227 286 1304 Deo
301 1228 403 1304 Deus
420 1229 480 1321 fit,
513 1249 579 1325 per
596 1230 696 1322 quod
711 1227 796 1304 fidei
810 1230 940 1305 nostre
958 1231 1060 1308 Deus
1077 1255 1169 1310 unus
1191 1239 1266 1330 est;

196 1343 321 1404 temen
345 1330 553 1426 videamus,
585 1351 630 1404 an
645 1327 818 1423 Moyses,
845 1333 903 1422 qui
920 1331 963 1407 ad
979 1331 1082 1409 lsrael
1100 1337 1263 1413 dixerat:

200 1435 364 1504 Dominus
391 1436 479 1502 fleus
498 1447 576 1502 tuus
589 1453 675 1501 tenus
691 1431 751 1528 eft,
784 1428 855 1532 Dei
872 1428 984 1506 filium
1003 1431 1121 1510 Deum
1137 1439 1264 1530 pradi-

196 1531 353 1605 eaverit.
403 1527 470 1603 Uti
487 1532 582 1604 enim
596 1549 666 1604 nos
677 1531 720 1603 ad
736 1527 980 1606 confitendam
993 1531 1266 1614 Domininostri

199 1627 284 1727 Jeso
310 1629 437 1705 Christi
462 1629 919 1705 divinitatem-testimonio
941 1632 1034 1706 iliius
1053 1639 1270 1733 oportebit,

199 1731 307 1822 'euius
324 1727 538 1805 nodositate
555 1729 712 1803 haeretici
732 1748 842 1805 unum
859 1742 997 1807 tantum
1013 1733 1132 1810 Deum
1150 1735 1266 1811 confi·

200 1843 347 1922 tentes,
376 1829 470 1904 Fiiio
490 1841 621 1926 potent
635 1829 835 1926 negandum
851 1829 943 1924 eise,
979 1833 1078 1925 quod
1095 1833 1196 1910 Deus
1209 1837 1265 1914 fit.

283 1935 338 2005 16.
364 1929 478 2028 Igitur
497 1951 578 2002 cum
595 1928 759 2003 absoluta
777 1929 854 2002 haec
870 1931 915 2004 de
930 1929 1030 2025 Deo,
1057 1933 1268 2031 &perfetta

202 2031 377 2108 eonieffio
401 2031 465 2124 [ης
499 2027 693 2104 secundum
711 2027 929 2124 Apostolum
946 2031 997 2106 ita
1012 2035 1131 2126 loqui:
1175 2043 1268 2108 Unus

203 2138 297 2206 Deus
311 2149 414 2227 pater,
440 2155 477 2202 ex
491 2155 553 2229 que
567 2134 685 2218 omnia,
711 2129 747 2207 O
770 2151 856 2201 unus
877 2134 1037 2203 Dominus
1051 2137 1151 2232 nesto
1170 2139 1269 2233 Jesns

202 2232 371 2325 christu,
394 2252 452 2328 per.
471 2255 563 2328 qum
578 2233 703 2302 omnia.-
729 2228 914 2303 videamus
932 2232 1106 2330 originem
1126 2239 1265 2328 mundi,

204 2331 292 2426 quid
310 2334 354 2406 de
371 2354 412 2404 eo
428 2331 579 2424 Moyses
595 2334 776 2423 loquatur.
829 2326 896 2402 Ait
915 2352 1085 2425 namque:
1114 2337 1159 2406 Et
1177 2337 1269 2407 dixit

202 2436 318 2506 meus:
359 2435 433 2503 Fiat
448 2433 693 2522 firmamentum
708 2433 747 2499 in
763 2432 981 2528 mediaeque,
1009 2433 1048 2510 (5
1062 2433 1102 2527 fit
1118 2438 1267 2505 dividens

204 2523 297 2604 inter
315 2557 427 2630 aquom
455 2532 494 2608 U
513 2555 648 2629 aquom:
684 2528 723 2607 (Ἰ
740 2528 863 2619 folium
879 2535 917 2626 eji
935 2532 992 2624 fic,
1024 2531 1062 2610 (J
1076 2533 1156 2627 jecit
1178 2540 1268 2608 Deus

193 2637 457 2729 firmamentum,
482 2633 521 2709 U
541 2631 649 2726 divifit
672 2636 760 2702 Deus
773 2651 833 2729 per
850 2634 983 2702 medium
995 2659 1091 2732 aqua.
1142 2635 1267 2709 Habes

203 2734 464 2930 iiiiii,
478 2752 642 2906 ‘itit
658 2730 923 2925 {ibiiff'iii't
942 2754 1166 2925 titiis,
1187 2735 1269 2929 iti

205 2957 313 3027 qoem
338 2933 465 3007 fadum
495 2935 556 3024 stt,
590 2932 743 3004 doceas:
779 2945 840 3004 aut
863 2948 963 3004 certe
980 2949 1141 3008 naturam
1162 2931 1269 3027 ipsam

206 3034 444 3108 creandorum
469 3031 553 3104 Deo
577 3032 810 3105 obedientem
834 3028 904 3104 eiie
925 3031 1164 3118 demonstres,
1193 3057 1272 3124 qne

203 3136 251 3206 ad
268 3133 321 3224 id,
355 3135 455 3224 quod
472 3128 603 3204 dietum
625 3130 694 3219 est3
737 3136 813 3202 fiat
828 3135 1085 3221 firmamentum,
1112 3134 1272 3226 seipsam

202 3230 278 3306 Dei
307 3234 424 3305 verbo
448 3227 765 3322 judio-firmaverit.
818 3229 887 3303 Sed
909 3232 984 3305 haee
1006 3234 1136 3306 divinae
1154 3233 1272 3325 Scrip-

204 3345 297 3404 turae
326 3333 419 3406 ratio
446 3352 523 3404 non
551 3332 691 3423 recipit.
765 3330 897 3406 Omnia
922 3334 1036 3424 enim,
1078 3331 1273 3406 secundom

202 3428 445 3524 Prophetam,
485 3427 575 3504 faeta
597 3452 641 3502 ex
658 3430 772 3502 nihilo
790 3429 888 3503 sunt:
924 3453 991 3504 nec
1010 3447 1135 3504 natura
1153 3432 1272 3519 aliqua

202 3553 353 3607 manens
369 3531 550 3606 demutata
565 3532 600 3602 in
622 3529 714 3601 aliud
734 3529 803 3612 est,
830 3529 886 3602 sed
902 3531 952 3622 id,
979 3531 1076 3621 quod
1090 3551 1166 3602 non
1179 3548 1272 3622 erat,

205 3646 367 3704 creatum
394 3631 465 3724 est,
505 3632 540 3703 δι
568 3630 767 3703 absolutum
792 3629 853 3703 est
913 3631 980 3702 Per
1001 3628 1133 3723 quemi
1172 3629 1273 3706 nudi

203 3727 489 3826 Evangelistam:
519 3737 635 3801 Omnia
646 3751 703 3824 per
719 3733 816 3825 ipsum
824 3725 918 3820 satia
929 3733 1023 3820 sient.
1074 3731 1109 3803 Si
1128 3734 1270 3825 queris,

202 3850 271 3926 per
285 3829 422 3923 quemi
458 3831 595 3904 Audies
611 3829 774 3902 eumdem
794 3827 1055 3924 Evangelistam
1069 3831 1271 3906 dicentem:

203 3937 248 4008 In
272 3935 427 4028 principie
452 3945 522 4002 erae
548 3932 705 4014 Verium,
740 3932 779 4005 (ὅ
806 3931 939 4002 derium
955 3949 1026 4002 erat
1045 3934 1127 4029 apud
1153 3936 1270 4021 Deum,

200 4035 244 4111 U
275 4036 360 4103 Deus
383 4046 453 4100 erat
479 4031 635 4116 Verbum,
666 4031 808 4101 hocerat
824 4036 1028 4127 inprincipio
1046 4034 1127 4129 apud
1152 4037 1268 4105 Deum.

172 4125 176 4131 ’
204 4137 323 4204 omnia
339 4151 396 4228 per
422 4129 521 4224 ipsum
537 4128 631 4220 satia
643 4130 738 4218 sunt.
791 4130 903 4227 Quod
924 4130 947 4204 ii
971 4153 1101 4229 negare
1124 4131 1226 4199 voles
1247 4150 1269 4202 a

201 4229 311 4306 Patre
331 4228 462 4305 didium
484 4229 624 4321 videri,
659 4231 727 4320 fiat
741 4230 1013 4321 firmamentum
1055 4229 1173 4303 audies
1193 4249 1271 4298 rur-

197 4329 278 4414 *sum
302 4331 521 4430 Prophetae)
543 4331 744 4408 dicentem:
778 4331 844 4430 Ipse
862 4335 972 4428 dixit,
1004 4330 1042 4411 U
1054 4326 1151 4426 satia
1168 4330 1270 4529 aar,

1161 4455 1172 4497 ι
1207 4454 1222 4501 t
