<?xml version="1.0" encoding="UTF-8"?>
<!DOCTYPE html PUBLIC "-//W3C//DTD XHTML 1.0 Transitional//EN"
    "http://www.w3.org/TR/xhtml1/DTD/xhtml1-transitional.dtd">
<html xmlns="http://www.w3.org/1999/xhtml" xml:lang="en" lang="en">
 <head>
  <title>
</title>
<meta http-equiv="Content-Type" content="text/html;charset=utf-8" />
  <meta name='ocr-system' content='tesseract 3.04.00' />
  <meta name='ocr-capabilities' content='ocr_page ocr_carea ocr_par ocr_line ocrx_word'/>
</head>
<body>
  <div class='ocr_page' id='page_1' title='image "./operaomniasanct00librgoog/operaomniasanct00librgoog_0683.png"; bbox 0 0 2742 4959; ppageno 0'>
   <div class='ocr_carea' id='block_1_1' title="bbox 309 693 1260 808">
    <p class='ocr_par' dir='ltr' id='par_1_1' title="bbox 309 693 1260 808">
     <span class='ocr_line' id='line_1_1' title="bbox 309 693 1260 808; baseline 0.001 -25"><span class='ocrx_word' id='word_1_1' title='bbox 309 693 315 710; x_wconf 68' lang='lat'><em>⁶</em></span> <span class='ocrx_word' id='word_1_2' title='bbox 419 724 486 783; x_wconf 80' lang='lat' dir='ltr'><strong>nn</strong></span> <span class='ocrx_word' id='word_1_3' title='bbox 523 702 804 802; x_wconf 78' lang='lat' dir='ltr'><strong>Santonas,</strong></span> <span class='ocrx_word' id='word_1_4' title='bbox 838 702 1025 783; x_wconf 77' lang='lat' dir='ltr'><strong>Lunna.</strong></span> <span class='ocrx_word' id='word_1_5' title='bbox 1185 727 1260 808; x_wconf 80' lang='lat'><strong>499</strong></span> 
     </span>
    </p>
   </div>
   <div class='ocr_carea' id='block_1_2' title="bbox 140 863 1271 4642">
    <p class='ocr_par' dir='ltr' id='par_1_2' title="bbox 148 863 1256 1368">
     <span class='ocr_line' id='line_1_2' title="bbox 148 863 1256 968; baseline -0.005 -20"><span class='ocrx_word' id='word_1_6' title='bbox 148 923 153 928; x_wconf 96' lang='lat'>-</span> <span class='ocrx_word' id='word_1_7' title='bbox 180 868 364 950; x_wconf 74' lang='lat' dir='ltr'><strong>existimet</strong></span> <span class='ocrx_word' id='word_1_8' title='bbox 379 867 425 943; x_wconf 88' lang='lat' dir='ltr'><strong>de</strong></span> <span class='ocrx_word' id='word_1_9' title='bbox 440 880 612 968; x_wconf 81' lang='lat' dir='ltr'><strong>utroque.</strong></span> <span class='ocrx_word' id='word_1_10' title='bbox 663 863 715 940; x_wconf 85' lang='lat' dir='ltr'><strong>Et</strong></span> <span class='ocrx_word' id='word_1_11' title='bbox 729 886 803 960; x_wconf 88' lang='lat' dir='ltr'><strong>quo</strong></span> <span class='ocrx_word' id='word_1_12' title='bbox 820 863 1256 943; x_wconf 78' lang='lat' dir='ltr'><strong>tandemintantishaere·</strong></span> 
     </span>
     <span class='ocr_line' id='line_1_3' title="bbox 180 965 1253 1064; baseline -0.003 -18"><span class='ocrx_word' id='word_1_13' title='bbox 180 969 342 1046; x_wconf 87' lang='lat' dir='ltr'><strong>ticotum</strong></span> <span class='ocrx_word' id='word_1_14' title='bbox 357 968 542 1042; x_wconf 84' lang='lat' dir='ltr'><strong>furoribus</strong></span> <span class='ocrx_word' id='word_1_15' title='bbox 561 965 775 1064; x_wconf 65' lang='lat' dir='ltr'><strong>occidamus,</strong></span> <span class='ocrx_word' id='word_1_16' title='bbox 801 965 839 1057; x_wconf 83' lang='lat' dir='ltr'><strong>u,</strong></span> <span class='ocrx_word' id='word_1_17' title='bbox 865 965 948 1040; x_wconf 89' lang='lat' dir='ltr'><strong>dum</strong></span> <span class='ocrx_word' id='word_1_18' title='bbox 965 986 1042 1041; x_wconf 93' lang='lat' dir='ltr'><strong>non</strong></span> <span class='ocrx_word' id='word_1_19' title='bbox 1058 982 1253 1059; x_wconf 85' lang='lat' dir='ltr'><strong>utrumque</strong></span> 
     </span>
     <span class='ocr_line' id='line_1_4' title="bbox 178 1065 1253 1164; baseline -0.007 -16"><span class='ocrx_word' id='word_1_20' title='bbox 178 1071 388 1164; x_wconf 81' lang='lat' dir='ltr'>recipimus,</span> <span class='ocrx_word' id='word_1_21' title='bbox 413 1084 580 1142; x_wconf 86' lang='lat' dir='ltr'><strong>neutrum</strong></span> <span class='ocrx_word' id='word_1_22' title='bbox 596 1066 820 1142; x_wconf 73' lang='lat' dir='ltr'><strong>retinemus?</strong></span> <span class='ocrx_word' id='word_1_23' title='bbox 846 1065 935 1140; x_wconf 94' lang='lat' dir='ltr'><strong>Non</strong></span> <span class='ocrx_word' id='word_1_24' title='bbox 952 1067 1046 1142; x_wconf 91' lang='lat' dir='ltr'><strong>enim</strong></span> <span class='ocrx_word' id='word_1_25' title='bbox 1060 1069 1175 1139; x_wconf 88' lang='lat' dir='ltr'><strong>videri</strong></span> <span class='ocrx_word' id='word_1_26' title='bbox 1186 1088 1253 1160; x_wconf 90' lang='lat' dir='ltr'><strong>po·</strong></span> 
     </span>
     <span class='ocr_line' id='line_1_5' title="bbox 174 1166 1251 1263; baseline -0.008 -15"><span class='ocrx_word' id='word_1_27' title='bbox 174 1169 247 1248; x_wconf 82' lang='lat' dir='ltr'><strong>test</strong></span> <span class='ocrx_word' id='word_1_28' title='bbox 264 1170 372 1263; x_wconf 84' lang='lat' dir='ltr'><strong>impie</strong></span> <span class='ocrx_word' id='word_1_29' title='bbox 389 1168 471 1259; x_wconf 83' lang='lat' dir='ltr'><strong>dici,</strong></span> <span class='ocrx_word' id='word_1_30' title='bbox 498 1184 539 1241; x_wconf 89' lang='lat' dir='ltr'><strong>ut</strong></span> <span class='ocrx_word' id='word_1_31' title='bbox 559 1168 641 1259; x_wconf 91' lang='lat' dir='ltr'><strong>quia</strong></span> <span class='ocrx_word' id='word_1_32' title='bbox 658 1182 827 1241; x_wconf 88' lang='lat' dir='ltr'><strong>neutrum</strong></span> <span class='ocrx_word' id='word_1_33' title='bbox 847 1166 1013 1261; x_wconf 84' lang='lat' dir='ltr'><strong>scriptum</strong></span> <span class='ocrx_word' id='word_1_34' title='bbox 1035 1171 1251 1263; x_wconf 68' lang='lat' dir='ltr'><strong>reperiatur,</strong></span> 
     </span>
     <span class='ocr_line' id='line_1_6' title="bbox 175 1264 1084 1368; baseline -0.003 -24"><span class='ocrx_word' id='word_1_35' title='bbox 175 1286 242 1368; x_wconf 72' lang='lat' dir='ltr'><strong>aut</strong></span> <span class='ocrx_word' id='word_1_36' title='bbox 258 1284 426 1344; x_wconf 79' lang='lat' dir='ltr'><strong>neutrum</strong></span> <span class='ocrx_word' id='word_1_37' title='bbox 447 1264 695 1341; x_wconf 88' lang='lat' dir='ltr'><strong>confitendum</strong></span> <span class='ocrx_word' id='word_1_38' title='bbox 718 1267 778 1347; x_wconf 79' lang='lat' dir='ltr'><strong>stt,</strong></span> <span class='ocrx_word' id='word_1_39' title='bbox 806 1282 867 1340; x_wconf 87' lang='lat' dir='ltr'><strong>aut</strong></span> <span class='ocrx_word' id='word_1_40' title='bbox 882 1280 1084 1357; x_wconf 85' lang='lat' dir='ltr'><strong>utrumque.</strong></span> 
     </span>
    </p>

    <p class='ocr_par' dir='ltr' id='par_1_3' title="bbox 158 1366 1271 2660">
     <span class='ocr_line' id='line_1_7' title="bbox 280 1366 1250 1469; baseline -0.006 -20"><span class='ocrx_word' id='word_1_41' title='bbox 280 1379 336 1451; x_wconf 80' lang='lat'><strong>88.</strong></span> <span class='ocrx_word' id='word_1_42' title='bbox 359 1367 620 1469; x_wconf 32' lang='lat' dir='ltr'><strong>&#39;Homouston‚</strong></span> <span class='ocrx_word' id='word_1_43' title='bbox 656 1366 847 1441; x_wconf 75' lang='lat' dir='ltr'><strong>sanilillimi</strong></span> <span class='ocrx_word' id='word_1_44' title='bbox 874 1368 970 1461; x_wconf 85' lang='lat' dir='ltr'><strong>viri,</strong></span> <span class='ocrx_word' id='word_1_45' title='bbox 1007 1367 1172 1462; x_wconf 87' lang='lat' dir='ltr'>intelligo</span> <span class='ocrx_word' id='word_1_46' title='bbox 1202 1386 1250 1443; x_wconf 84' lang='lat' dir='ltr'><strong>ex</strong></span> 
     </span>
     <span class='ocr_line' id='line_1_8' title="bbox 173 1465 1248 1562; baseline -0.007 -14"><span class='ocrx_word' id='word_1_47' title='bbox 173 1467 263 1548; x_wconf 83' lang='lat' dir='ltr'><strong>Deo</strong></span> <span class='ocrx_word' id='word_1_48' title='bbox 289 1469 431 1561; x_wconf 89' lang='lat' dir='ltr'><strong>Deum,</strong></span> <span class='ocrx_word' id='word_1_49' title='bbox 473 1488 550 1542; x_wconf 92' lang='lat' dir='ltr'><strong>non</strong></span> <span class='ocrx_word' id='word_1_50' title='bbox 574 1467 737 1542; x_wconf 83' lang='lat' dir='ltr'><strong>dilltmilis</strong></span> <span class='ocrx_word' id='word_1_51' title='bbox 760 1465 935 1556; x_wconf 84' lang='lat' dir='ltr'><strong>elleotiae,</strong></span> <span class='ocrx_word' id='word_1_52' title='bbox 972 1486 1050 1540; x_wconf 92' lang='lat' dir='ltr'><strong>non</strong></span> <span class='ocrx_word' id='word_1_53' title='bbox 1071 1466 1248 1562; x_wconf 82' lang='lat' dir='ltr'><strong>divisum,</strong></span> 
     </span>
     <span class='ocr_line' id='line_1_9' title="bbox 174 1564 1250 1664; baseline -0.001 -22"><span class='ocrx_word' id='word_1_54' title='bbox 174 1567 237 1664; x_wconf 62' lang='lat' dir='ltr'><strong>{ed</strong></span> <span class='ocrx_word' id='word_1_55' title='bbox 260 1584 406 1658; x_wconf 85' lang='lat' dir='ltr'><strong>natum,</strong></span> <span class='ocrx_word' id='word_1_56' title='bbox 439 1566 473 1642; x_wconf 73' lang='grc' dir='ltr'><strong>ἅ</strong></span> <span class='ocrx_word' id='word_1_57' title='bbox 491 1590 535 1641; x_wconf 85' lang='lat' dir='ltr'><strong>ex</strong></span> <span class='ocrx_word' id='word_1_58' title='bbox 553 1565 765 1640; x_wconf 89' lang='lat' dir='ltr'><strong>innascibilis</strong></span> <span class='ocrx_word' id='word_1_59' title='bbox 780 1567 851 1639; x_wconf 88' lang='lat' dir='ltr'><strong>Dei</strong></span> <span class='ocrx_word' id='word_1_60' title='bbox 867 1564 1058 1640; x_wconf 88' lang='lat' dir='ltr'><strong>substantia</strong></span> <span class='ocrx_word' id='word_1_61' title='bbox 1077 1568 1250 1663; x_wconf 89' lang='lat' dir='ltr'><strong>congeni-</strong></span> 
     </span>
     <span class='ocr_line' id='line_1_10' title="bbox 177 1665 1251 1762; baseline -0.002 -19"><span class='ocrx_word' id='word_1_62' title='bbox 177 1681 254 1743; x_wconf 86' lang='lat' dir='ltr'><strong>tam</strong></span> <span class='ocrx_word' id='word_1_63' title='bbox 275 1670 312 1741; x_wconf 90' lang='lat' dir='ltr'><strong>in</strong></span> <span class='ocrx_word' id='word_1_64' title='bbox 337 1665 454 1761; x_wconf 85' lang='lat' dir='ltr'><strong>Filio,</strong></span> <span class='ocrx_word' id='word_1_65' title='bbox 491 1665 683 1742; x_wconf 82' lang='lat' dir='ltr'><strong>secundum</strong></span> <span class='ocrx_word' id='word_1_66' title='bbox 708 1666 991 1754; x_wconf 79' lang='lat' dir='ltr'><strong>similitudinem,</strong></span> <span class='ocrx_word' id='word_1_67' title='bbox 1030 1669 1251 1762; x_wconf 82' lang='lat' dir='ltr'><strong>unigenitam</strong></span> 
     </span>
     <span class='ocr_line' id='line_1_11' title="bbox 158 1765 1250 1864; baseline -0.005 -18"><span class='ocrx_word' id='word_1_68' title='bbox 158 1767 421 1864; x_wconf 68' lang='lat' dir='ltr'><strong>nativitatem.</strong></span> <span class='ocrx_word' id='word_1_69' title='bbox 482 1765 536 1840; x_wconf 87' lang='lat' dir='ltr'><strong>lta</strong></span> <span class='ocrx_word' id='word_1_70' title='bbox 556 1783 614 1841; x_wconf 88' lang='lat' dir='ltr'><strong>me</strong></span> <span class='ocrx_word' id='word_1_71' title='bbox 636 1783 742 1841; x_wconf 81' lang='lat' dir='ltr'><strong>antea</strong></span> <span class='ocrx_word' id='word_1_72' title='bbox 764 1768 1046 1862; x_wconf 80' lang='lat' dir='ltr'><strong>intelligentem,</strong></span> <span class='ocrx_word' id='word_1_73' title='bbox 1081 1788 1157 1839; x_wconf 88' lang='lat' dir='ltr'><strong>non</strong></span> <span class='ocrx_word' id='word_1_74' title='bbox 1178 1789 1250 1841; x_wconf 86' lang='lat' dir='ltr'><strong>me·</strong></span> 
     </span>
     <span class='ocr_line' id='line_1_12' title="bbox 177 1864 1251 1963; baseline 0.002 -21"><span class='ocrx_word' id='word_1_75' title='bbox 177 1865 357 1942; x_wconf 80' lang='lat' dir='ltr'><strong>dioctltet</strong></span> <span class='ocrx_word' id='word_1_76' title='bbox 374 1865 417 1940; x_wconf 93' lang='lat' dir='ltr'><strong>ad</strong></span> <span class='ocrx_word' id='word_1_77' title='bbox 433 1865 468 1939; x_wconf 93' lang='lat' dir='ltr'><strong>id</strong></span> <span class='ocrx_word' id='word_1_78' title='bbox 488 1864 721 1941; x_wconf 86' lang='lat' dir='ltr'><strong>confirmavit</strong></span> <span class='ocrx_word' id='word_1_79' title='bbox 734 1866 962 1942; x_wconf 87' lang='lat' dir='ltr'><strong>homoufion.</strong></span> <span class='ocrx_word' id='word_1_80' title='bbox 1006 1866 1122 1963; x_wconf 81' lang='lat' dir='ltr'><strong>¹Quid</strong></span> <span class='ocrx_word' id='word_1_81' title='bbox 1141 1864 1251 1944; x_wconf 85' lang='lat' dir='ltr'><strong>fidem</strong></span> 
     </span>
     <span class='ocr_line' id='line_1_13' title="bbox 174 1965 1271 2061; baseline -0.004 -18"><span class='ocrx_word' id='word_1_82' title='bbox 174 1977 293 2043; x_wconf 81' lang='lat' dir='ltr'><strong>meam</strong></span> <span class='ocrx_word' id='word_1_83' title='bbox 306 1967 342 2039; x_wconf 93' lang='lat' dir='ltr'><strong>in</strong></span> <span class='ocrx_word' id='word_1_84' title='bbox 357 1966 575 2042; x_wconf 88' lang='lat' dir='ltr'><strong>homoullon</strong></span> <span class='ocrx_word' id='word_1_85' title='bbox 590 1969 748 2056; x_wconf 86' lang='lat' dir='ltr'><strong>damnas,</strong></span> <span class='ocrx_word' id='word_1_86' title='bbox 775 1987 878 2058; x_wconf 84' lang='lat' dir='ltr'><strong>quam</strong></span> <span class='ocrx_word' id='word_1_87' title='bbox 890 1987 955 2061; x_wconf 88' lang='lat' dir='ltr'><strong>per</strong></span> <span class='ocrx_word' id='word_1_88' title='bbox 970 1965 1153 2040; x_wconf 81' lang='lat' dir='ltr'><strong>homoeusii</strong></span> <span class='ocrx_word' id='word_1_89' title='bbox 1166 1987 1252 2059; x_wconf 63' lang='lat' dir='ltr'><strong>pros</strong></span> <span class='ocrx_word' id='word_1_90' title='bbox 1267 2048 1271 2058; x_wconf 28' lang='lat'>¹</span> 
     </span>
     <span class='ocr_line' id='line_1_14' title="bbox 179 2064 1251 2160; baseline -0.003 -16"><span class='ocrx_word' id='word_1_91' title='bbox 179 2066 368 2144; x_wconf 77' lang='lat' dir='ltr'><strong>sellionem</strong></span> <span class='ocrx_word' id='word_1_92' title='bbox 386 2087 463 2140; x_wconf 92' lang='lat' dir='ltr'><strong>non</strong></span> <span class='ocrx_word' id='word_1_93' title='bbox 476 2081 584 2160; x_wconf 86' lang='lat' dir='ltr'><strong>potes</strong></span> <span class='ocrx_word' id='word_1_94' title='bbox 602 2088 679 2141; x_wconf 89' lang='lat' dir='ltr'><strong>non</strong></span> <span class='ocrx_word' id='word_1_95' title='bbox 695 2065 878 2160; x_wconf 68' lang='lat' dir='ltr'><strong>probare?</strong></span> <span class='ocrx_word' id='word_1_96' title='bbox 919 2066 1077 2141; x_wconf 87' lang='lat' dir='ltr'><strong>Damnas</strong></span> <span class='ocrx_word' id='word_1_97' title='bbox 1093 2068 1186 2160; x_wconf 80' lang='lat' dir='ltr'><strong>enim</strong></span> <span class='ocrx_word' id='word_1_98' title='bbox 1210 2064 1251 2141; x_wconf 84' lang='lat' dir='ltr'><strong>fi·</strong></span> 
     </span>
     <span class='ocr_line' id='line_1_15' title="bbox 179 2165 1250 2262; baseline 0 -21"><span class='ocrx_word' id='word_1_99' title='bbox 179 2165 262 2242; x_wconf 83' lang='lat' dir='ltr'><strong>dem</strong></span> <span class='ocrx_word' id='word_1_100' title='bbox 280 2186 409 2257; x_wconf 89' lang='lat' dir='ltr'><strong>meam,</strong></span> <span class='ocrx_word' id='word_1_101' title='bbox 437 2169 497 2240; x_wconf 92' lang='lat' dir='ltr'><strong>vel</strong></span> <span class='ocrx_word' id='word_1_102' title='bbox 515 2167 636 2261; x_wconf 86' lang='lat' dir='ltr'><strong>potius</strong></span> <span class='ocrx_word' id='word_1_103' title='bbox 653 2181 766 2258; x_wconf 88' lang='lat' dir='ltr'><strong>tuam,</strong></span> <span class='ocrx_word' id='word_1_104' title='bbox 793 2186 873 2239; x_wconf 91' lang='lat' dir='ltr'><strong>cum</strong></span> <span class='ocrx_word' id='word_1_105' title='bbox 888 2165 1030 2240; x_wconf 89' lang='lat' dir='ltr'><strong>damnas</strong></span> <span class='ocrx_word' id='word_1_106' title='bbox 1047 2167 1250 2262; x_wconf 87' lang='lat' dir='ltr'><strong>intelligen·</strong></span> 
     </span>
     <span class='ocr_line' id='line_1_16' title="bbox 175 2264 1248 2363; baseline -0.003 -22"><span class='ocrx_word' id='word_1_107' title='bbox 175 2268 265 2341; x_wconf 85' lang='lat' dir='ltr'><strong>tiam</strong></span> <span class='ocrx_word' id='word_1_108' title='bbox 287 2264 362 2360; x_wconf 84' lang='lat' dir='ltr'><strong>ejus</strong></span> <span class='ocrx_word' id='word_1_109' title='bbox 380 2266 419 2339; x_wconf 91' lang='lat' dir='ltr'><strong>in</strong></span> <span class='ocrx_word' id='word_1_110' title='bbox 440 2268 598 2340; x_wconf 84' lang='lat' dir='ltr'><strong>nomine.</strong></span> <span class='ocrx_word' id='word_1_111' title='bbox 650 2265 721 2338; x_wconf 90' lang='lat' dir='ltr'><strong>Sed</strong></span> <span class='ocrx_word' id='word_1_112' title='bbox 739 2268 830 2340; x_wconf 88' lang='lat' dir='ltr'><strong>male</strong></span> <span class='ocrx_word' id='word_1_113' title='bbox 848 2266 1139 2363; x_wconf 79' lang='lat' dir='ltr'><strong>aliusintelligiti</strong></span> <span class='ocrx_word' id='word_1_114' title='bbox 1175 2265 1248 2338; x_wconf 89' lang='lat' dir='ltr'><strong>Da·</strong></span> 
     </span>
     <span class='ocr_line' id='line_1_17' title="bbox 171 2363 1248 2464; baseline -0.001 -22"><span class='ocrx_word' id='word_1_115' title='bbox 171 2386 342 2452; x_wconf 78' lang='lat' dir='ltr'><strong>manemus</strong></span> <span class='ocrx_word' id='word_1_116' title='bbox 370 2366 407 2440; x_wconf 92' lang='lat' dir='ltr'><strong>in</strong></span> <span class='ocrx_word' id='word_1_117' title='bbox 432 2387 624 2441; x_wconf 89' lang='lat' dir='ltr'><strong>commune</strong></span> <span class='ocrx_word' id='word_1_118' title='bbox 649 2363 815 2442; x_wconf 79' lang='lat' dir='ltr'><strong>vitiosam</strong></span> <span class='ocrx_word' id='word_1_119' title='bbox 839 2366 1132 2464; x_wconf 83' lang='lat' dir='ltr'><strong>intelligentiam,</strong></span> <span class='ocrx_word' id='word_1_120' title='bbox 1168 2385 1248 2441; x_wconf 90' lang='lat' dir='ltr'><strong>non</strong></span> 
     </span>
     <span class='ocr_line' id='line_1_18' title="bbox 174 2462 1248 2561; baseline 0 -21"><span class='ocrx_word' id='word_1_121' title='bbox 174 2464 380 2540; x_wconf 76' lang='lat' dir='ltr'><strong>auferamus</strong></span> <span class='ocrx_word' id='word_1_122' title='bbox 405 2462 490 2540; x_wconf 88' lang='lat' dir='ltr'><strong>fidei</strong></span> <span class='ocrx_word' id='word_1_123' title='bbox 518 2466 755 2542; x_wconf 88' lang='lat' dir='ltr'><strong>securitatem.</strong></span> <span class='ocrx_word' id='word_1_124' title='bbox 827 2465 982 2559; x_wconf 87' lang='lat' dir='ltr'><strong>Synodo</strong></span> <span class='ocrx_word' id='word_1_125' title='bbox 1010 2464 1248 2561; x_wconf 77' lang='lat' dir='ltr'><strong>Samosatenae</strong></span> 
     </span>
     <span class='ocr_line' id='line_1_19' title="bbox 174 2563 1248 2660; baseline -0.001 -19"><span class='ocrx_word' id='word_1_126' title='bbox 174 2563 467 2642; x_wconf 86' lang='lat' dir='ltr'><strong>subscribendum</strong></span> <span class='ocrx_word' id='word_1_127' title='bbox 489 2578 608 2660; x_wconf 79' lang='lat' dir='ltr'><strong>putas.</strong></span> <span class='ocrx_word' id='word_1_128' title='bbox 633 2588 681 2640; x_wconf 87' lang='lat' dir='ltr'><strong>ne</strong></span> <span class='ocrx_word' id='word_1_129' title='bbox 699 2565 891 2640; x_wconf 89' lang='lat' dir='ltr'><strong>secundum</strong></span> <span class='ocrx_word' id='word_1_130' title='bbox 906 2564 1124 2640; x_wconf 83' lang='lat' dir='ltr'><strong>Samosateni</strong></span> <span class='ocrx_word' id='word_1_131' title='bbox 1144 2566 1248 2640; x_wconf 89' lang='lat' dir='ltr'><strong>intel·</strong></span> 
     </span>
    </p>

    <p class='ocr_par' dir='ltr' id='par_1_4' title="bbox 140 2663 1248 3738">
     <span class='ocr_line' id='line_1_20' title="bbox 140 2663 1248 2764; baseline -0.003 -24"><span class='ocrx_word' id='word_1_132' title='bbox 140 2743 143 2748; x_wconf 72' lang='grc'><strong>,</strong></span> <span class='ocrx_word' id='word_1_133' title='bbox 174 2665 362 2764; x_wconf 75' lang='lat' dir='ltr'><strong>ligantiam</strong></span> <span class='ocrx_word' id='word_1_134' title='bbox 378 2666 564 2757; x_wconf 81' lang='lat' dir='ltr'><strong>quisquam</strong></span> <span class='ocrx_word' id='word_1_135' title='bbox 579 2665 641 2739; x_wconf 82' lang='lat' dir='ltr'><strong>ubi</strong></span> <span class='ocrx_word' id='word_1_136' title='bbox 658 2663 804 2759; x_wconf 83' lang='lat' dir='ltr'><strong>usurpet</strong></span> <span class='ocrx_word' id='word_1_137' title='bbox 820 2664 1063 2739; x_wconf 76' lang='lat' dir='ltr'><strong>homousion?</strong></span> <span class='ocrx_word' id='word_1_138' title='bbox 1082 2665 1248 2739; x_wconf 62' lang='lat' dir='ltr'><strong>*Subscri-</strong></span> 
     </span>
     <span class='ocr_line' id='line_1_21' title="bbox 172 2762 1247 2858; baseline -0.003 -16"><span class='ocrx_word' id='word_1_139' title='bbox 172 2763 299 2842; x_wconf 84' lang='lat' dir='ltr'><strong>bamus</strong></span> <span class='ocrx_word' id='word_1_140' title='bbox 328 2762 514 2839; x_wconf 75' lang='lat' dir='ltr'><strong>&amp;Nicea</strong></span> <span class='ocrx_word' id='word_1_141' title='bbox 537 2763 703 2858; x_wconf 84' lang='lat' dir='ltr'><strong>synodo,</strong></span> <span class='ocrx_word' id='word_1_142' title='bbox 738 2785 785 2838; x_wconf 87' lang='lat' dir='ltr'><strong>ne</strong></span> <span class='ocrx_word' id='word_1_143' title='bbox 800 2763 1016 2839; x_wconf 89' lang='lat' dir='ltr'><strong>homoulion</strong></span> <span class='ocrx_word' id='word_1_144' title='bbox 1036 2767 1247 2857; x_wconf 84' lang='lat' dir='ltr'><strong>improbent</strong></span> 
     </span>
     <span class='ocr_line' id='line_1_22' title="bbox 177 2860 1245 2956; baseline 0.005 -20"><span class='ocrx_word' id='word_1_145' title='bbox 177 2860 319 2938; x_wconf 81' lang='lat' dir='ltr'><strong>Ariani.</strong></span> <span class='ocrx_word' id='word_1_146' title='bbox 370 2860 442 2936; x_wconf 87' lang='lat' dir='ltr'><strong>Sed</strong></span> <span class='ocrx_word' id='word_1_147' title='bbox 459 2864 658 2938; x_wconf 87' lang='lat' dir='ltr'><strong>verendum</strong></span> <span class='ocrx_word' id='word_1_148' title='bbox 675 2861 746 2956; x_wconf 86' lang='lat' dir='ltr'><strong>est,</strong></span> <span class='ocrx_word' id='word_1_149' title='bbox 773 2885 819 2938; x_wconf 90' lang='lat' dir='ltr'><strong>ne</strong></span> <span class='ocrx_word' id='word_1_150' title='bbox 837 2864 1027 2938; x_wconf 89' lang='lat' dir='ltr'><strong>secundum</strong></span> <span class='ocrx_word' id='word_1_151' title='bbox 1042 2863 1147 2939; x_wconf 83' lang='lat' dir='ltr'><strong>fidem</strong></span> <span class='ocrx_word' id='word_1_152' title='bbox 1167 2886 1245 2942; x_wconf 93' lang='lat' dir='ltr'><strong>non</strong></span> 
     </span>
     <span class='ocr_line' id='line_1_23' title="bbox 165 2959 1245 3059; baseline 0.001 -21"><span class='ocrx_word' id='word_1_153' title='bbox 165 2959 1034 3059; x_wconf 77' lang='lat' dir='ltr'><strong>laomoeufionsignificarevideaturhomoustoni</strong></span> <span class='ocrx_word' id='word_1_154' title='bbox 1062 2965 1245 3039; x_wconf 85' lang='lat' dir='ltr'><strong>Decerna-</strong></span> 
     </span>
     <span class='ocr_line' id='line_1_24' title="bbox 172 3059 1241 3156; baseline -0.001 -18"><span class='ocrx_word' id='word_1_155' title='bbox 172 3059 496 3156; x_wconf 84' lang='lat' dir='ltr'><strong>turnihildifferre,</strong></span> <span class='ocrx_word' id='word_1_156' title='bbox 510 3061 1075 3141; x_wconf 79' lang='lat' dir='ltr'><strong>uniususamilisellesubstmtiae.</strong></span> <span class='ocrx_word' id='word_1_157' title='bbox 1094 3064 1241 3140; x_wconf 84' lang='lat' dir='ltr'><strong>Sedho·</strong></span> 
     </span>
     <span class='ocr_line' id='line_1_25' title="bbox 163 3161 1241 3259; baseline 0.001 -21"><span class='ocrx_word' id='word_1_158' title='bbox 163 3161 1241 3259; x_wconf 72' lang='lat' dir='ltr'><strong>,moulonpotestmaleintelligilconstituatu&#39;r‚qualiterbe·</strong></span> 
     </span>
     <span class='ocr_line' id='line_1_26' title="bbox 170 3257 1240 3360; baseline -0.001 -22"><span class='ocrx_word' id='word_1_159' title='bbox 170 3257 505 3358; x_wconf 84' lang='lat' dir='ltr'><strong>nepoffitintelligi.</strong></span> <span class='ocrx_word' id='word_1_160' title='bbox 538 3261 1240 3360; x_wconf 84' lang='lat' dir='ltr'><strong>Unumatqueidempie&#39;sapimus,rogo,</strong></span> 
     </span>
     <span class='ocr_line' id='line_1_27' title="bbox 169 3362 1241 3457; baseline 0.003 -21"><span class='ocrx_word' id='word_1_161' title='bbox 169 3375 216 3438; x_wconf 88' lang='lat' dir='ltr'><strong>ut</strong></span> <span class='ocrx_word' id='word_1_162' title='bbox 228 3381 337 3436; x_wconf 89' lang='lat' dir='ltr'><strong>unum</strong></span> <span class='ocrx_word' id='word_1_163' title='bbox 346 3363 566 3455; x_wconf 79' lang='lat' dir='ltr'><strong>atqueidem</strong></span> <span class='ocrx_word' id='word_1_164' title='bbox 589 3362 860 3456; x_wconf 87' lang='lat' dir='ltr'><strong>quodsapimus‚</strong></span> <span class='ocrx_word' id='word_1_165' title='bbox 882 3363 1241 3457; x_wconf 83' lang='lat' dir='ltr'><strong>piuminteanoselie</strong></span> 
     </span>
     <span class='ocr_line' id='line_1_28' title="bbox 170 3459 1242 3558; baseline 0.004 -24"><span class='ocrx_word' id='word_1_166' title='bbox 170 3463 338 3537; x_wconf 88' lang='lat' dir='ltr'><strong>velimus.</strong></span> <span class='ocrx_word' id='word_1_167' title='bbox 353 3459 450 3536; x_wconf 83' lang='lat' dir='ltr'><strong>Date</strong></span> <span class='ocrx_word' id='word_1_168' title='bbox 459 3466 612 3555; x_wconf 89' lang='lat' dir='ltr'><strong>veniam,</strong></span> <span class='ocrx_word' id='word_1_169' title='bbox 621 3461 780 3554; x_wconf 82' lang='lat' dir='ltr'><strong>Fratres,</strong></span> <span class='ocrx_word' id='word_1_170' title='bbox 790 3483 892 3557; x_wconf 86' lang='lat' dir='ltr'><strong>quam</strong></span> <span class='ocrx_word' id='word_1_171' title='bbox 903 3463 1242 3558; x_wconf 85' lang='lat' dir='ltr'><strong>frequentetpopo·</strong></span> 
     </span>
     <span class='ocr_line' id='line_1_29' title="bbox 168 3557 1241 3735; baseline 0.001 -99"><span class='ocrx_word' id='word_1_172' title='bbox 168 3557 574 3735; x_wconf 45' lang='lat' dir='ltr'><strong>sffiffi¹¹²f¹g¹¹¹⁰¹¹⁶ffl⁸²</strong></span> <span class='ocrx_word' id='word_1_173' title='bbox 597 3562 1241 3661; x_wconf 82' lang='lat' dir='ltr'><strong>curnegandohomoulioncensemi-</strong></span> 
     </span>
     <span class='ocr_line' id='line_1_30' title="bbox 171 3681 352 3738; baseline -0.017 0"><span class='ocrx_word' id='word_1_174' title='bbox 171 3681 212 3738; x_wconf 78' lang='grc' dir='ltr'>ω</span> <span class='ocrx_word' id='word_1_175' title='bbox 282 3683 352 3736; x_wconf 85' lang='lat' dir='ltr'><strong>tana</strong></span> 
     </span>
    </p>

    <p class='ocr_par' dir='ltr' id='par_1_5' title="bbox 157 3753 1243 4454">
     <span class='ocr_line' id='line_1_31' title="bbox 157 3753 1243 3856; baseline -0.006 -15"><span class='ocrx_word' id='word_1_176' title='bbox 157 3753 163 3764; x_wconf 81' lang='lat'>&#39;</span> <span class='ocrx_word' id='word_1_177' title='bbox 278 3768 336 3855; x_wconf 86' lang='lat'><strong>89.</strong></span> <span class='ocrx_word' id='word_1_178' title='bbox 361 3757 553 3856; x_wconf 82' lang='lat' dir='ltr'><strong>Seddieis:</strong></span> <span class='ocrx_word' id='word_1_179' title='bbox 578 3759 718 3836; x_wconf 90' lang='lat' dir='ltr'><strong>Movet</strong></span> <span class='ocrx_word' id='word_1_180' title='bbox 733 3759 791 3837; x_wconf 85' lang='lat' dir='ltr'><strong>m&#39;e</strong></span> <span class='ocrx_word' id='word_1_181' title='bbox 807 3781 886 3839; x_wconf 85' lang='lat' dir='ltr'><strong>tuan</strong></span> <span class='ocrx_word' id='word_1_182' title='bbox 905 3759 1070 3835; x_wconf 86' lang='lat' dir='ltr'><strong>scandalo</strong></span> <span class='ocrx_word' id='word_1_183' title='bbox 1085 3761 1243 3838; x_wconf 75' lang='lat' dir='ltr'><strong>homou-¹</strong></span> 
     </span>
     <span class='ocr_line' id='line_1_32' title="bbox 173 3855 1242 3958; baseline 0 -21"><span class='ocrx_word' id='word_1_184' title='bbox 173 3855 214 3937; x_wconf 84' lang='lat' dir='ltr'><strong>fii</strong></span> <span class='ocrx_word' id='word_1_185' title='bbox 234 3860 456 3958; x_wconf 83' lang='lat' dir='ltr'><strong>ambiguitas.</strong></span> <span class='ocrx_word' id='word_1_186' title='bbox 503 3861 638 3936; x_wconf 88' lang='lat' dir='ltr'><strong>lterum</strong></span> <span class='ocrx_word' id='word_1_187' title='bbox 656 3861 759 3954; x_wconf 86' lang='lat' dir='ltr'><strong>audi,</strong></span> <span class='ocrx_word' id='word_1_188' title='bbox 786 3881 878 3952; x_wconf 82' lang='lat' dir='ltr'><strong>oro,</strong></span> <span class='ocrx_word' id='word_1_189' title='bbox 900 3859 975 3934; x_wconf 83' lang='lat' dir='ltr'><strong>&#39;line</strong></span> <span class='ocrx_word' id='word_1_190' title='bbox 997 3861 1182 3935; x_wconf 86' lang='lat' dir='ltr'><strong>scandalo:</strong></span> <span class='ocrx_word' id='word_1_191' title='bbox 1207 3861 1242 3937; x_wconf 74' lang='grc' dir='ltr'><strong>δι</strong></span> 
     </span>
     <span class='ocr_line' id='line_1_33' title="bbox 170 3959 1241 4057; baseline -0.004 -19"><span class='ocrx_word' id='word_1_192' title='bbox 170 3980 232 4038; x_wconf 83' lang='lat' dir='ltr'><strong>me</strong></span> <span class='ocrx_word' id='word_1_193' title='bbox 257 3975 389 4036; x_wconf 91' lang='lat' dir='ltr'><strong>movet</strong></span> <span class='ocrx_word' id='word_1_194' title='bbox 415 3959 600 4036; x_wconf 74' lang='lat' dir='ltr'><strong>homoeusii</strong></span> <span class='ocrx_word' id='word_1_195' title='bbox 618 3961 774 4036; x_wconf 88' lang='lat' dir='ltr'><strong>n&#39;uditas.</strong></span> <span class='ocrx_word' id='word_1_196' title='bbox 836 3960 957 4036; x_wconf 87' lang='lat' dir='ltr'><strong>Multa</strong></span> <span class='ocrx_word' id='word_1_197' title='bbox 976 3960 1067 4056; x_wconf 83' lang='lat' dir='ltr'><strong>saepe</strong></span> <span class='ocrx_word' id='word_1_198' title='bbox 1085 3961 1241 4057; x_wconf 81' lang='lat' dir='ltr'><strong>fallunt,</strong></span> 
     </span>
     <span class='ocr_line' id='line_1_34' title="bbox 169 4057 1240 4154; baseline 0.003 -24"><span class='ocrx_word' id='word_1_199' title='bbox 169 4077 249 4150; x_wconf 78' lang='lat' dir='ltr'><strong>que</strong></span> <span class='ocrx_word' id='word_1_200' title='bbox 265 4057 387 4135; x_wconf 80' lang='lat' dir='ltr'><strong>finilia</strong></span> <span class='ocrx_word' id='word_1_201' title='bbox 401 4058 492 4138; x_wconf 83' lang='lat' dir='ltr'><strong>sunt.</strong></span> <span class='ocrx_word' id='word_1_202' title='bbox 540 4059 988 4154; x_wconf 72' lang='lat' dir='ltr'><strong>Timeoaurumbratieae,</strong></span> <span class='ocrx_word' id='word_1_203' title='bbox 1014 4063 1095 4154; x_wconf 89' lang='lat' dir='ltr'><strong>quia</strong></span> <span class='ocrx_word' id='word_1_204' title='bbox 1105 4083 1162 4136; x_wconf 93' lang='lat' dir='ltr'><strong>me</strong></span> <span class='ocrx_word' id='word_1_205' title='bbox 1176 4060 1240 4134; x_wconf 85' lang='lat' dir='ltr'><strong>fal·</strong></span> 
     </span>
     <span class='ocr_line' id='line_1_35' title="bbox 168 4157 1242 4256; baseline 0.001 -22"><span class='ocrx_word' id='word_1_206' title='bbox 168 4162 248 4234; x_wconf 86' lang='lat' dir='ltr'><strong>lere</strong></span> <span class='ocrx_word' id='word_1_207' title='bbox 265 4157 382 4256; x_wconf 85' lang='lat' dir='ltr'><strong>pollet</strong></span> <span class='ocrx_word' id='word_1_208' title='bbox 401 4162 570 4236; x_wconf 87' lang='lat' dir='ltr'><strong>interius:</strong></span> <span class='ocrx_word' id='word_1_209' title='bbox 605 4160 778 4237; x_wconf 82' lang='lat' dir='ltr'><strong>&amp;tamen</strong></span> <span class='ocrx_word' id='word_1_210' title='bbox 795 4180 885 4236; x_wconf 89' lang='lat' dir='ltr'><strong>auto</strong></span> <span class='ocrx_word' id='word_1_211' title='bbox 902 4160 1012 4237; x_wconf 83' lang='lat' dir='ltr'><strong>limile</strong></span> <span class='ocrx_word' id='word_1_212' title='bbox 1031 4160 1103 4254; x_wconf 82' lang='lat' dir='ltr'><strong>est,</strong></span> <span class='ocrx_word' id='word_1_213' title='bbox 1142 4160 1242 4252; x_wconf 89' lang='lat' dir='ltr'><strong>quod</strong></span> 
     </span>
     <span class='ocr_line' id='line_1_36' title="bbox 170 4255 1242 4354; baseline 0.009 -27"><span class='ocrx_word' id='word_1_214' title='bbox 170 4257 332 4336; x_wconf 73' lang='lat' dir='ltr'><strong>videtur.</strong></span> <span class='ocrx_word' id='word_1_215' title='bbox 394 4255 530 4337; x_wconf 89' lang='lat' dir='ltr'><strong>Timeo</strong></span> <span class='ocrx_word' id='word_1_216' title='bbox 554 4259 654 4337; x_wconf 72' lang='lat' dir='ltr'><strong>latiis</strong></span> <span class='ocrx_word' id='word_1_217' title='bbox 678 4260 963 4354; x_wconf 81' lang='lat' dir='ltr'><strong>fimilitudinem,</strong></span> <span class='ocrx_word' id='word_1_218' title='bbox 1001 4282 1049 4336; x_wconf 91' lang='lat' dir='ltr'><strong>ne</strong></span> <span class='ocrx_word' id='word_1_219' title='bbox 1077 4262 1242 4337; x_wconf 91' lang='lat' dir='ltr'><strong>oblatum</strong></span> 
     </span>
     <span class='ocr_line' id='line_1_37' title="bbox 170 4359 1241 4454; baseline -0.004 -17"><span class='ocrx_word' id='word_1_220' title='bbox 170 4359 256 4437; x_wconf 85' lang='lat' dir='ltr'><strong>mihi</strong></span> <span class='ocrx_word' id='word_1_221' title='bbox 280 4361 357 4445; x_wconf 89' lang='lat' dir='ltr'><strong>lac,</strong></span> <span class='ocrx_word' id='word_1_222' title='bbox 387 4382 466 4438; x_wconf 90' lang='lat' dir='ltr'><strong>non</strong></span> <span class='ocrx_word' id='word_1_223' title='bbox 485 4362 542 4436; x_wconf 88' lang='lat' dir='ltr'><strong>lac</strong></span> <span class='ocrx_word' id='word_1_224' title='bbox 563 4361 690 4437; x_wconf 85' lang='lat' dir='ltr'><strong>ovium</strong></span> <span class='ocrx_word' id='word_1_225' title='bbox 707 4360 766 4436; x_wconf 78' lang='lat' dir='ltr'><strong>fita</strong></span> <span class='ocrx_word' id='word_1_226' title='bbox 801 4361 883 4454; x_wconf 86' lang='lat' dir='ltr'><strong>quia</strong></span> <span class='ocrx_word' id='word_1_227' title='bbox 898 4362 932 4435; x_wconf 91' lang='lat' dir='ltr'><strong>ei</strong></span> <span class='ocrx_word' id='word_1_228' title='bbox 948 4362 1058 4438; x_wconf 78' lang='lat' dir='ltr'><strong>limile</strong></span> <span class='ocrx_word' id='word_1_229' title='bbox 1074 4362 1241 4436; x_wconf 81' lang='lat' dir='ltr'><strong>videatur</strong></span> 
     </span>
    </p>

    <p class='ocr_par' dir='ltr' id='par_1_6' title="bbox 144 4459 1241 4639">
     <span class='ocr_line' id='line_1_38' title="bbox 144 4459 1241 4639; baseline -0.001 -102"><span class='ocrx_word' id='word_1_230' title='bbox 144 4459 210 4550; x_wconf 71' lang='lat' dir='ltr'><strong>,u</strong></span> <span class='ocrx_word' id='word_1_231' title='bbox 239 4462 425 4540; x_wconf 86' lang='lat' dir='ltr'><strong>bubulum.</strong></span> <span class='ocrx_word' id='word_1_232' title='bbox 481 4461 539 4542; x_wconf 88' lang='lat' dir='ltr'><strong>Ut</strong></span> <span class='ocrx_word' id='word_1_233' title='bbox 558 4461 617 4539; x_wconf 84' lang='lat' dir='ltr'><strong>lae</strong></span> <span class='ocrx_word' id='word_1_234' title='bbox 639 4460 768 4639; x_wconf 67' lang='lat' dir='ltr'><strong>ogium</strong></span> <span class='ocrx_word' id='word_1_235' title='bbox 787 4459 870 4540; x_wconf 68' lang='lat' dir='ltr'><strong>lasti</strong></span> <span class='ocrx_word' id='word_1_236' title='bbox 889 4459 1020 4542; x_wconf 81' lang='lat' dir='ltr'><strong>ovium</strong></span> <span class='ocrx_word' id='word_1_237' title='bbox 1043 4463 1155 4541; x_wconf 88' lang='lat' dir='ltr'><strong>limile</strong></span> <span class='ocrx_word' id='word_1_238' title='bbox 1175 4462 1241 4558; x_wconf 80' lang='lat' dir='ltr'><strong>fit,</strong></span> 
     </span>
    </p>

    <p class='ocr_par' dir='ltr' id='par_1_7' title="bbox 607 4561 1194 4642">
     <span class='ocr_line' id='line_1_39' title="bbox 607 4561 1194 4642; baseline 0.005 -5"><span class='ocrx_word' id='word_1_239' title='bbox 607 4601 611 4608; x_wconf 94' lang='lat'>·</span> <span class='ocrx_word' id='word_1_240' title='bbox 702 4561 766 4638; x_wconf 68' lang='lat' dir='ltr'><strong>in</strong></span> <span class='ocrx_word' id='word_1_241' title='bbox 902 4569 905 4574; x_wconf 86' lang='lat'>&#39;</span> <span class='ocrx_word' id='word_1_242' title='bbox 974 4581 977 4588; x_wconf 85' lang='lat'>·</span> <span class='ocrx_word' id='word_1_243' title='bbox 1115 4585 1194 4642; x_wconf 90' lang='lat' dir='ltr'><strong>non</strong></span> 
     </span>
    </p>
   </div>
   <div class='ocr_carea' id='block_1_3' title="bbox 0 0 1376 4959">
    <p class='ocr_par' dir='ltr' id='par_1_8' title="bbox 0 0 1376 4959">
     <span class='ocr_line' id='line_1_40' title="bbox 0 0 1376 4959; baseline 0 0"><span class='ocrx_word' id='word_1_244' title='bbox 0 0 1376 4959; x_wconf 95' lang='lat' dir='ltr'><strong> </strong></span> 
     </span>
    </p>
   </div>
  </div>
 </body>
</html>
