2742 4959
481 567 494 594 κ
684 491 704 566 s

161 689 321 807 galatia
336 685 382 771 in
397 651 635 790 diversorio,
664 642 741 774 ubi
753 683 808 774 ab
822 685 981 803 aliquot
992 683 1076 802 jam
1095 685 1246 777 diebus
1269 655 1274 672 ’

162 841 380 957 hospitor,
419 837 576 952 scripsr,
613 844 662 929 iis
685 846 931 966 momentis,
966 869 1065 959 quae
1090 845 1192 932 mibi
1216 871 1241 934 a

165 996 338 1088 visendis
361 998 523 1097 amieis,
553 998 597 1085 ἃ
618 993 737 1084 urbis
756 984 1124 1101 memorabilibus,
1150 997 1255 1086 resr-¹

170 1154 254 1243 dua
278 1174 413 1253 erant,
456 1149 499 1239 uz
525 1174 576 1236 co
603 1147 773 1265 quidem
792 1176 926 1265 ,quam
943 1156 1124 1240 maxime
1141 1153 1244 1257 fine,

105 1428 108 1432 .
139 1335 218 1418 ,ut
247 1310 299 1396 sac
333 1306 471 1421 aliqua
501 1277 660 1392 rarione
683 1302 834 1392 solarer
862 1303 1108 1396 desiderium
1133 1307 1246 1416 Tui,

170 1491 285 1559 nunc
301 1460 571 1576 Wirceburgi
586 1459 636 1548 ab
654 1460 751 1548 hinc
767 1460 941 1550 absentis
945 1521 1128 1559 .....

285 1775 394 1866 Sunt
411 1771 557 1887 epulae,
587 1770 821 1888 mensaque
837 1795 1021 1863 remora.
1078 1770 1243 1889 Digres-

97 1905 99 1910 ⁵
169 1921 237 2022 sus
261 1957 386 2046 egoa
411 1925 776 2033 commensalibus,
806 1931 990 2016 intimius
1005 1908 1155 2016 Tuum
1173 1956 1248 2040 cu:

167 2085 360 2176 biculum
387 2055 548 2199 occupo
565 2083 696 2185 solus,
733 2109 840 2188 non,
877 2106 1104 2197 uttantum
1129 2081 1248 2203 dedi·

171 2243 364 2345 cationis,
394 2266 443 2327 ut
458 2243 642 2357 primum
662 2238 985 2353 proposueram,
1015 2239 1155 2352 paucis
1174 2235 1243 2326 ad·

172 2396 260 2486 liue
282 2393 443 2498 verbis,
470 2418 578 2506 opus
594 2391 821 2498 absolvam,
850 2391 917 2480 sed
935 2416 983 2481 ut
997 2396 1119 2480 etiam
1140 2394 1244 2482 Tibi

170 2550 437 2669 perscribam,
467 2547 511 2636 δι
527 2547 598 2635 fini
617 2547 792 2662 epistola
809 2550 1056 2663 praemittam
1069 2546 1243 2636 brevem

172 2706 384 2822 historiam
401 2702 480 2790 diei
497 2701 646 2815 hujus,
684 2700 883 2816 peculiari
901 2701 1005 2792 Tibi
1023 2701 1162 2806 titulo,
1198 2703 1261 2794 &-

167 2864 258 2952 ritu
286 2858 422 2970 sacrae3
463 2854 685 2971 praesertim
710 2878 760 2948 ut
782 2857 897 2965 scias,
939 2860 1114 2974 quinam
1142 2855 1247 2945 'libi

172 3043 343 3107 mecum
358 3013 425 3101 hic
438 3011 760 3128 lociplauserint,
789 3014 834 3102 uz
848 3013 1023 3128 qualiter
1036 3010 1247 3102 fucmmus

176 3151 323 3261 omnes
339 3165 472 3292 assasti
489 3171 645 3276 animo,
668 3165 834 3258 eumad
849 3167 1125 3283 nuncupanda
1138 3167 1244 3257 Tibi

174 3348 273 3418 uota
288 3323 538 3418 acceffimus.
561 3442 564 3446 ,

289 3633 360 3725 Ad
383 3655 568 3722 mentem
585 3658 723 3721 meam
746 3626 948 3728 cesserunt
965 3634 1104 3723 omnia
1121 3629 1246 3724 felici·

174 3815 259 3898 ter,
287 3791 332 3880 δι
357 3814 468 3876 novo
484 3788 625 3877 rursus
642 3791 930 3900 experimento
946 3784 1091 3891 didici,
1119 3788 1248 3903 auspi·

172 3971 268 4036 rato
295 3945 407 4060 geri,
444 3968 540 4057 quae
564 3969 646 4057 pro
664 3945 806 4029 amicis
821 3966 1041 4054 geruntur.
1100 3943 1245 4032 Credi·

174 4087 298 4191 disses·
315 4098 448 4214 ipsum
462 4095 640 4198 olmum,
684 4093 956 4209 faustumque
972 4098 1155 4184 amicitia
1171 4121 1246 4183 nu·

173 4283 271 4346 men
285 4254 385 4344 huic
396 4251 476 4345 diei
487 4247 732 4367 presedisse..
780 4233 1108 4343 Amoenislimun
1119 4248 1243 4356 diem

306 4438 312 4452 ·
1135 4430 1187 4496 ut
