2742 4959
518 235 864 314 LrnraVl.
997 267 1001 275 ·
1154 259 1225 331 151

151 414 272 502 gente·
288 402 449 475 intimata
472 408 549 474 n'on
570 402 721 497 capitur.
774 400 844 475 Sed
862 400 886 475 fi
903 419 996 493 quos
1011 404 1121 477 timor
1142 401 1225 495 liei,

155 509 191 579 dt
211 503 457 600 intelligentias
484 502 690 598 ignoratio,
727 524 806 577 non
828 504 1022 595 impietatis
1049 503 1224 577 voluntas

155 626 221 699 per
243 602 398 677 stultitia
424 599 559 677 sensum
585 604 781 680 detinuerit
795 604 834 677 in
851 622 997 684 errore,
1022 600 1154 697 spero,
1179 615 1225 678 ut

105 747 109 816 Ι
156 707 200 778 ad
216 704 503 778 emendationem
523 705 707 797 proclives
727 704 809 798 sint,
837 724 918 778 cum
935 701 1129 796 impietatis
1139 701 1224 776 stul·

151 806 267 878 titiam
284 802 446 878 absolute
461 803 626 878 veritatis
645 804 688 879 sat
702 801 960 879 demonstratio
979 802 1179 897 proditura.
1249 797 1255 816 '

228 907 283 980 16.
312 904 472 998 uirilis,
508 926 531 977 o
549 904 667 999 stulti,
705 910 765 997 qui
784 905 818 979 ἃ
836 902 948 977 hodie
962 903 1058 977 idem
1077 902 1219 998 dicitiS,

149 1002 349 1079 nescientes
374 1005 411 1076 in
440 1009 550 1080 lleum
570 1003 710 1100 sapere:
744 1005 781 1078 Si
802 1004 922 1099 enim,
959 1002 1059 1096 quod
1077 1001 1218 1099 saniph,

105 1187 107 1192 ¹
150 1105 186 1176 dt
211 1106 309 1196 quod
338 1119 512 1200 exulato,
550 1102 585 1179 ἃ
613 1104 713 1199 quod
735 1131 774 1176 rx
799 1109 896 1180 Patre
918 1111 1028 1191 exivi,
1063 1102 1104 1181 U
1126 1108 1220 1198 verti.

147 1207 287 1302 Quaero
307 1226 327 1278 a
345 1218 397 1296 te,
422 1206 497 1280 hoc
511 1200 632 1283 'toturn
644 1203 775 1283 dietum
796 1227 816 1281 a
839 1206 932 1296 Deo,
959 1225 1052 1278 anne
1073 1225 1151 1279 non
1165 1201 1220 1278 di·
1282 1283 1287 1293 ,

103 1397 106 1402 ¹
148 1303 243 1376 itum
265 1304 332 1378 lit‘l
366 1305 502 1382 Didium
522 1307 650 1401 utique
673 1305 743 1383 est:
776 1302 968 1392 &metelle
986 1302 1058 1398 est,
1092 1323 1219 1382 cum-⁸

144 1404 225 1477 Deo
248 1405 293 1479 de
317 1403 577 1501 seditionis,
604 1430 681 1482 non
708 1408 810 1482 aliter
832 1404 1105 1502 intelligendum
1126 1401 1218 1497 ess'e,

148 1519 259 1595 quam¹
283 1503 413 1579 ditium
430 1506 492 1580 est.
545 1511 596 1583 lle
612 1508 714 1583 ditiis
734 1506 798 1580 suo
817 1507 928 1598 loco,
965 1502 1217 1577 demonstratis

144 1603 365 1697 fingulorum
386 1626 613 1700 quorumque
628 1608 841 1699 virtutibus,
867 1600 1107 1679 tradabimus.
1159 1602 1217 1676 ln·

146 1702 253 1775 terim
267 1717 386 1779 tamen
398 1697 1102 1802 uniuscujusqueintelligentiaconsulo‚
1129 1701 1215 1794 quid

144 1799 324 1877 existimet
337 1804 375 1878 in
392 1825 463 1899 eo,
498 1827 578 1881 cum
599 1804 731 1882 ditium
751 1806 793 1880 sn
808 1832 846 1877 ex
860 1804 939 1900 ἕψε
974 1814 1146 1877 utrumne
1166 1820 1217 1877 ex

143 1899 262 1975 alte'ro
276 1902 547 2004 intelligendum
566 1908 624 2003 lit,
650 1925 744 1981 anne
761 1926 808 1980 ex
822 1905 939 1988 nullo,
965 1924 1011 1979 an
1028 1921 1122 1978 vero
1136 1900 1213 1997 ipso
1233 1987 1238 1998 ‚

139 2002 204 2075 ille
224 2002 423 2082 credendus
440 2005 509 2082 srtl
534 2004 591 2083 Ex
604 2009 721 2097 altero
739 2027 817 2082 non
832 2003 904 2083 est:
929 2000 1213 2101 quiaexipsaest,

141 2101 263 2197 idest,
288 2125 335 2180 ne
350 2106 493 2216 aliunde
507 2121 755 2203 preterquam
777 2127 824 2184 ex
837 2109 916 2182 lieo
931 2108 1025 2180 Deus
1046 2103 1101 2181 fit.
1151 2100 1214 2176 Ex

138 2202 254 2277 nihilo
276 2226 354 2280 non
374 2206 443 2281 est:
480 2210 562 2301 quia
581 2234 621 2282 ax
641 2208 707 2305 ipso
721 2207 793 2296 est3
832 2197 1096 2282 demonstratur
1112 2203 1213 2278 enim

139 2315 288 2397 natura,
326 2308 423 2381 unde
440 2310 611 2382 nativitas
634 2307 696 2382 est.
747 2304 827 2399 Ipse
845 2326 922 2382 non
940 2302 1011 2397 est,
1047 2304 1130 2395 quia
1145 2300 1211 2375 ubi

138 2427 179 2473 ex
201 2407 263 2498 ipso
286 2403 353 2490 est,
385 2407 555 2480 nativitas
581 2403 646 2484 filii
663 2405 820 2479 refertur
841 2427 888 2478 ex
903 2417 1020 2497 patre.
1071 2398 1210 2476 Deinde

141 2520 224 2583 cum
242 2501 458 2598 significatur
473 2531 512 2575 ex
529 2522 635 2591 utero,
660 2507 872 2601 interrogo,
899 2525 944 2578 an
964 2501 1064 2578 credi
1078 2500 1209 2596 poffit,

141 2598 213 2673 effe
227 2617 332 2674 natus
354 2625 399 2678 ex
415 2602 552 2688 nihilo',
578 2624 659 2679 cum
675 2604 877 2698 nativitatis
896 2602 1033 2678 veritas
1050 2621 1115 2696 per
1127 2620 1211 2674 cor·

137 2702 318 2795 poralium
329 2701 595 2780 efficientiarum
610 2703 757 2781 uomina
769 2701 982 2780 reveletur?
1007 2700 1209 2778 Nouenirn

135 2802 577 2897 membris„corporalibus
597 2803 791 2880 consistens
809 2806 925 2898 neus,
964 2824 1045 2882 curn
1061 2821 1211 2901 genera·

138 2903 278 2976 tionem
291 2897 372 2978 lilii
388 2923 705 2988 commemoraret,
733 2907 799 2979 ait:
828 2903 986 2979 Exulem
1000 2918 1079 2976 ante
1094 2900 1212 2995 lucifao'

140 3027 213 3074 rum
220 3008 320 3097 genui
339 3019 389 3077 re:
416 3001 474 3079 fed
489 2995 763 3081 inenarrabilem
782 3006 878 3080 illam
899 3005 1074 3100 unigeniti
1103 3025 1150 3078 ex
1170 2998 1209 3076 sa

136 3099 201 3173 filii
212 3104 439 3178 nativitatem
453 3126 499 3180 ex
509 3104 709 3180 divinitatis
726 3104 794 3180 suae
807 3105 964 3179 veritate
974 3100 1209 3196 confirmans,

139 3201 184 3271 ad
197 3200 442 3297 intelligentia
460 3202 569 3280 fidem
585 3207 730 3280 locutus
746 3203 818 3293 est3
856 3218 900 3278 ut
920 3205 966 3279 de
983 3203 1114 3279 divinis
1137 3202 1239 3277 suis*

137 3299 269 3390 rebus,
294 3301 486 3379 secundum
503 3307 693 3382 humanam
713 3309 899 3396 naturam,
924 3305 1227 3379 humamanam·

138 3411 194 3470 rae'
206 3395 339 3476 sensum
355 3404 400 3477 ad
420 3401 504 3504 fidei
525 3402 709 3480 scientiam
730 3405 907 3495 erudiret:
938 3418 982 3484 ut
997 3425 1079 3480 cram
1098 3405 1148 3478 ait
1167 3425 1208 3475 ex

137 3514 246 3588 utero,
271 3520 347 3574 non
362 3525 408 3577 ex
421 3505 537 3580 nihilo
551 3506 689 3579 creatio
706 3502 902 3598 substitille‚
928 3501 989 3581 sed
1004 3526 1050 3579 ex
1065 3504 1101 3578 se
1115 3503 1206 3576 Uni·

135 3601 247 3696 geniti
275 3596 326 3672 sui
353 3606 524 3680 naturalis
551 3605 954 3682 nativitasdoceretur.
1015 3602 1205 3679 Postremo

137 3699 237 3791 quod
256 3698 365 3773 dixit:
394 3704 562 3796 Eal’arre
576 3710 685 3794 exivi,
711 3705 751 3785 U
768 3709 867 3795 anri,
892 3718 1014 3779 utrum
1034 3704 1205 3799 ambigui·

134 3813 245 3873 tatem
256 3801 455 3892 reliquerit,
474 3807 558 3899 quin
567 3807 829 3903 intelligeretur
837 3827 914 3881 non
924 3803 1081 3898 aliunde,
1097 3819 1205 3895 quam

134 3917 182 3975 ex
195 3898 303 3979 Patre
317 3899 401 4002 elle,
428 3904 527 4004 quod
544 3909 638 3981 Deus
654 3906 730 3982 ast?
756 3907 815 3984 Ex
830 3906 936 3983 Patre
953 3906 1048 3981 enim
1062 3905 1208 3998 exieus,

594 4004 656 4087 ’Κ
679 4029 709 4103 4
1047 4022 1181 4097 osope
