2742 4959
150 184 1254 456 u.

455 617 782 700 Sonuere.
1049 645 1156 704 xcvu

150 799 205 858 un
231 777 419 868 habendot
447 781 499 857 ita
517 783 617 878 priua
641 784 825 868 exaravit,
860 803 954 878 quoa
970 783 1098 861 deinde
1114 789 1152 864 in

150 903 362 978 amentarius
388 903 593 979 transfudit.
645 903 845 999 Propterea
867 905 903 975 in
928 901 986 980 t’s.
1006 910 1066 994 65.
1090 910 1150 984 ilia

150 1025 201 1099 aia
227 1019 313 1096 Msa
341 1022 511 1115 transulit,
549 1043 629 1117 quae
644 1022 689 1096 ad
705 1025 921 1120 graecitatem
943 1031 1149 1123 pertinent,

160 1140 267 1240 graeei
282 1155 405 1218 textus
421 1138 577 1216 leitione
595 1142 834 1221 deducuntur.
885 1144 969 1218 Nec
982 1151 1149 1224 tamenin

162 1259 372 1354 eunjedtura
393 1260 474 1337 satia
492 1261 768 1356 acquiescimus3
794 1265 896 1338 nimis
916 1271 1008 1338 enim
1022 1287 1147 1342 manca

150 1402 287 1476 umque
303 1382 482 1477 expofitio
498 1385 570 1477 est,
596 1385 789 1480 pluresque
805 1381 1020 1460 psalmorum
1040 1388 1147 1462 vetii·

150 1508 377 1598 uptoterit,
404 1522 496 1594 quos
515 1504 749 1598 interpretem
771 1503 806 1578 in
826 1505 880 1589 iis,
907 1491 984 1596 quae
1002 1505 1144 1604 desunt,

150 1619 251 1722 dffe,
277 1623 468 1716 aliquando
485 1621 660 1698 sententia
676 1620 905 1698 demonstrat.

173 1742 349 1844 Quaedam
377 1743 484 1818 etiam
508 1742 708 1838 adduntur,
743 1766 820 1836 quae
846 1743 970 1818 Hitarii
991 1744 1066 1819 non
1089 1748 1144 1820 vi·
1168 1825 1171 1832 ,

150 1879 220 1955 tur,
246 1877 288 1937 ut
307 1864 349 1935 ad
366 1863 417 1939 Ps.
429 1867 532 1956 64.§.
545 1885 604 1955 4.:
629 1837 826 1956 „Eccleiia
838 1865 1000 1937 nondum
1015 1864 1143 1943 Christi

150 1995 235 2058 antu
263 1983 481 2074 illuminata,
515 1979 585 2054 fuit
602 1983 793 2073 aliqnando
808 1987 909 2056 vanis
926 1981 1143 2076 superstitio·

150 2125 176 2178 u
196 2102 373 2196 obnoxia,
399 2123 481 2176 cum
494 2113 673 2197 praecepta
690 2103 873 2199 gentilia“
893 2102 959 2178 &o
1009 2105 1142 2184 Hociu

150 2223 241 2300 'ude
263 2221 1007 2322 humanigenerieuniuerdtateprofertur,
1035 2250 1139 2320 quun

150 2341 240 2419 leste
264 2345 412 2417 nomine
428 2361 613 2434 nunquam
626 2340 831 2438 indigitavit
852 2347 985 2419 author
1005 2349 1139 2424 noster.

150 2484 203 2557 pue
224 2461 310 2534 illud
325 2463 369 2533 ab
385 2481 430 2534 eo
447 2459 516 2534 eise
533 2462 743 2540 crediderim
756 2465 794 2539 in
812 2464 863 2540 Ps.
887 2488 964 2555 ¹24·
1018 2468 1140 2558 „Hoc

150 2608 158 2655 r
182 2588 382 2654 incircuitu
406 2582 516 2679 popuii
530 2581 768 2680 Evangeiiurn
785 2584 1006 2682 significat.“
1055 2586 1139 2658 Nec

150 2767 152 2776 ,
171 2701 298 2777 desunt
319 2703 435 2778 minua
451 2715 662 2797 opportune
681 2704 858 2793 mutilata,
885 2703 1049 2775 &minus
1069 2705 1139 2778 ele·

150 2842 195 2897 er
213 2842 392 2898 connexa.
442 2820 615 2915 Suspicari
632 2807 721 2918 erg'o
742 2822 923 2912 quisquam
945 2820 1063 2918 possit,
1091 2824 1136 2898 ab

165 2965 271 3019 manu
293 2944 356 3016 has
386 2944 561 3032 epitomas
582 2939 814 3044 procedite„
840 2941 873 3014 ὰ
897 2942 1139 3039 inproprium

150 3087 171 3140 o
200 3065 252 3138 ita
284 3061 478 3153 abaliquo
509 3063 578 3139 hos·
613 3053 895 3138 commentarios
925 3061 1139 3139 conversos.

150 3207 172 3258 n
191 3183 297 3257 &illa
316 3183 507 3273 aliquando
526 3179 675 3278 suspicio
693 3180 852 3274 inceffit,
878 3203 961 3255 nurn
981 3184 1017 3256 in
1037 3205 1139 3261 com·

150 3306 289 3395 uarios,
315 3323 407 3395 quoa
421 3302 615 3396 habemus,
644 3302 805 3376 extranei
822 3301 1011 3393 quidquam
1027 3305 1059 3376 dt
1077 3306 1136 3377 ali·

154 3422 365 3498 insinuatum
389 3421 519 3516 fuerit,
556 3427 659 3498 velut
683 3444 761 3516 quae
782 3422 818 3494 in
836 3422 1062 3516 expofin'one
1082 3423 1136 3504 Ps.

153 3564 174 3617 a
192 3544 598 3641 praenuntiationum
622 3543 845 3637 proprietate
862 3564 902 3613 ac
921 3544 956 3614 vi
972 3544 1137 3619 derivan-

174 3662 329 3738 Hiiariuu
347 3665 516 3757 siquidnn
533 3682 725 3760 graeaarurn
743 3661 939 3738 litterarum
959 3665 1135 3756 quandam

150 3803 210 3859 unr
227 3788 384 3858 aurulam
403 3801 570 3879 ceperat,
597 3784 620 3856 ir
638 3771 865 3873 Hieronymo
884 3779 970 3858 fides
982 3786 1017 3857 in
1033 3782 1151 3879 epist.'

150 3903 363 3993 ducellum
389 3926 493 3998 quam
506 3903 740 3999 suspicionem
759 3916 877 3978 tamen
892 3925 967 3978 rem
981 3924 1136 3998 perpen-

150 4043 216 4120 :ea,
242 4025 442 4118 rejecimus.
493 4025 632 4099 Verum
648 4025 694 4098 de
709 4025 761 4098 his
776 4023 1001 4099 eruditorum
1018 4020 1134 4098 homi·

150 4145 338 4242 rjudicium
354 4143 482 4222 esto.“
533 4142 912 4238 Hauenustuaffejns.

150 4435 158 4461 .
186 4386 316 4461 tutaris·
345 4382 434 4462 Tam.
461 4385 489 4462 1.
517 4478 521 4485 ¹
710 4402 734 4481 ι
784 4502 786 4505 v
979 4381 1086 4462 Cete-
