2742 4959
508 615 848 704 acerna
1025 609 1028 616 ’
1155 639 1230 697 nm

138 778 295 880 ligitur,
327 796 436 854 nemo
451 779 537 855 mihi
553 779 684 858 vitium
699 779 821 877 potest
839 776 1006 880 affignare
1026 776 1225 876 diiiorum3

137 900 400 976 internuncius
417 902 536 996 enim,
559 917 602 976 ut
619 901 808 994 voluistis,
834 895 909 978 nm
924 902 1012 998 ipse,
1039 921 1116 976 non
1134 922 1225 978 con·

139 1013 256 1096 ditor.
270 1019 300 1062 “
359 1017 396 1091 Si
422 1021 500 1096 illas
522 1023 566 1096 ab
592 1022 692 1097 omni
714 1023 809 1096 vitio
838 1039 945 1116 potas
968 1018 1222 1098 existimasl'eti

141 1139 247 1241 Quid
272 1137 455 1234 fibivult,
494 1142 592 1234 quod
613 1144 669 1217 lnis
688 1140 857 1236 proxime
873 1140 1040 1238 subjecit:
1076 1140 1222 1240 „Ego,

141 1281 223 1355 quae
239 1257 338 1357 gesta
356 1256 451 1355 sunt,
476 1258 632 1337 fideliter
651 1261 846 1351 uansmisn3
872 1283 944 1336 vos
962 1284 1006 1336 an
1024 1264 1220 1359 catholica,

140 1403 186 1457 an
209 1380 385 1457 heretica
403 1381 493 1476 ssot,
527 1379 612 1456 fidei
628 1382 756 1458 vestra
770 1381 908 1478 judicio
923 1383 1220 1477 comprobatc:“

139 1501 204 1578 nili
224 1498 268 1592 se,
283 1521 347 1593 ea,
383 1522 431 1574 ne
445 1502 489 1575 ab
504 1501 641 1577 heresis
657 1503 802 1596 quidem
818 1501 1018 1596 suspicione
1036 1503 1149 1581 aliena
1160 1505 1219 1598 ju·

140 1619 295 1698 dicarei
320 1621 460 1697 Verum
479 1623 649 1717 expolitis
660 1625 820 1697 omnium
832 1620 1071 1698 Orientalium
1081 1624 1219 1702 formu·

140 1745 182 1820 lis
201 1743 342 1818 nullam
360 1762 481 1817 earum
504 1743 565 1817 sibi
585 1745 729 1838 probari
746 1744 1094 1819 luculenterindicat
1108 1744 1141 1842 p.
1156 1749 1217 1841 63.

139 1865 205 1938 ubi
232 1860 398 1938 miserum
423 1862 584 1937 Orientis
612 1863 741 1939 statum
766 1864 986 1957 deplorans,
1012 1878 1216 1961 „tantum,

138 1984 287 2078 inquit,
321 1980 559 2055 Ecclesrarum
585 1981 824 2059 Orientalium
849 1984 1047 2080 periculum
1068 1983 1140 2078 est,
1173 2000 1217 2060 ut

138 2124 263 2178 tarum
283 2101 349 2194 snt,
375 2102 481 2194 hujus
500 2099 605 2192 fidei,
632 2124 710 2195 quae
734 2103 845 2194 qualis
863 2103 925 2197 snt,
941 2124 1024 2177 ·vos
1041 2105 1216 2206 judicate,

143 2239 208 2298 aut
225 2221 448 2314 sacerdotes,
474 2224 944 2317 autpopuluminveniri:“
969 2228 1215 2306 maximec'nm

136 2341 292 2439 idipsum
321 2341 442 2415 denuo
465 2348 497 2435 ς.
521 2346 580 2438 όᾴ.
609 2365 691 2417 cum
717 2344 865 2438 quadam
884 2346 1036 2440 emphasi
1058 2362 1213 2443 repetat.

137 2464 240 2565 Quid
256 2462 442 2558 postremo
453 2461 554 2538 sonat
570 2465 656 2538 illud
671 2473 703 2560 §.
726 2489 780 2559 3.,
808 2464 907 2557 quod
924 2464 1112 2541 Gallorum
1126 2465 1215 2542 fidei

136 2583 234 2660 sama
260 2584 469 2675 „quosdam
495 2584 734 2658 Orientalium
758 2582 959 2679 Episcopos
986 2585 1068 2660 sero
1083 2588 1155 2679 jnm
1168 2586 1214 2671 ad

136 2705 296 2796 aliquem
314 2705 489 2798 pudorem
506 2707 649 2778 nutritae
669 2704 799 2777 exinde
816 2702 1004 2783 haereseos,
1032 2703 1214 2798 auiiaeque

138 2827 405 2915 commovit;“
430 2827 490 2898 nist
504 2828 546 2899 ab
558 2826 681 2897 iisdem
699 2821 943 2895 Orientalibus
958 2845 1071 2915 usque
1083 2824 1126 2897 ad
1138 2822 1213 2900 An·

137 2964 313 3038 cyranam
337 2945 535 3038 synodum,
567 2941 843 3035 proindeque&
862 2942 1068 3018 Antiochiae
1084 2943 1117 3016 n
1133 2943 1212 3020 Plri-

136 3065 247 3159 lippis
266 3065 299 3137 dc
316 3065 446 3160 Sirmii,
473 3064 644 3137 nutritam
659 3061 760 3136 fuisse
777 3064 922 3139 haetesm
936 3082 1042 3158 atque
1053 3061 1211 3139 ausiami

136 3182 272 3277 lmmo,
303 3186 401 3279 quod
419 3191 455 3260 in
473 3183 544 3278 ipsa
563 3183 760 3276 Ancyrana
776 3184 918 3277 synodo
938 3187 1006 3260 aust
1028 3186 1120 3277 sunt,
1148 3187 1211 3259 im·

135 3308 237 3400 pium
261 3305 428 3390 else-non
449 3306 522 3381 stne
548 3305 688 3378 doloris
714 3304 764 3378 sui
781 3303 1033 3382 testificatione
1052 3307 1210 3380 declarat

239 3547 334 3646 Quae
348 3566 429 3620 cum
444 3548 494 3618 ita
510 3544 597 3629 snt,
621 3566 699 3618 non
715 3547 890 3640 occurrit,
917 3565 986 3638 qua
1002 3548 1143 3620 ratione
1156 3547 1210 3621 ni·

135 3681 287 3748 tantur,
314 3667 374 3758 qui
397 3667 532 3738 volunt
548 3667 746 3758 Hilarium,
776 3688 856 3740 cum
872 3665 969 3740 hunc
984 3668 1110 3744 librum
1127 3666 1207 3743 scri·

133 3790 265 3879 beret,
299 3784 417 3860 salsam
438 3785 614 3879 synodum
634 3786 875 3862 Saldicensem
897 3808 966 3881 pro
989 3809 1077 3861 vera
1094 3790 1206 3862 habu·

132 3907 207 3986 iss'e.
263 3906 324 3980 An
350 3906 450 4000 quod
479 3905 588 3981 srdem
602 3907 696 3980 illius
715 3929 791 3981 non
808 3907 1002 3981 vocaverit
1021 3907 1206 4003 Philippo·

131 4025 367 4124 politanam?
392 4026 445 4100 At
460 4026 534 4101 hoc
547 4027 747 4121 prudentiae
762 4025 851 4122 fuit,
878 4051 946 4123 ne,
972 4050 1065 4121 quos
1082 4028 1206 4100 conci·

132 4150 223 4224 liare
252 4149 492 4244 peroptabat,
532 4149 738 4223 orientales
756 4150 937 4225 alienaret.
1000 4148 1070 4222 Sed
1088 4168 1206 4240 neque

136 4265 583 4364 aamSardicensemdixit,
599 4268 1118 4366 nedecipetetOccideutsles.
1144 4266 1204 4343 Eo

632 4390 656 4465 d
682 4411 703 4484 3
1035 4404 1173 4468 autem-
