2742 4959
626 185 676 294 11'

648 239 700 282 ,Ο

477 623 700 706 Lanan
748 621 848 710 vn.
976 651 980 660 ’
1129 653 1199 738 195
1234 575 1248 608 Ἰ

130 793 305 880 sermonis
318 789 432 871 noiiri
445 785 534 870 fidet
550 788 753 872 affirmanda
763 791 829 886 est,-
853 794 1099 874 netemcritaa
1112 817 1204 874 con·

130 896 351 991 tradicendi,
386 893 448 971 sub
465 896 633 969 libertate
649 895 796 970 diveriae
812 901 848 970 in
865 897 1074 972 nominibus
1092 898 1201 976 intel,

130 1002 300 1098 iigentiae,
326 995 454 1071 audeat
469 994 744 1092 proieiiionibua
761 997 875 1072 divini
889 1002 935 1071 de
954 994 989 1073 se
1004 996 1202 1077 testimonii

130 1099 323 1174 contraire.
373 1094 576 1190 Respondit
586 1098 680 1172 enim
690 1095 887 1170 Dominus:
913 1101 993 1172 ltin
1001 1098 1098 1198 ponii
1101 1101 1199 1192 filim

130 1200 167 1273 ab
179 1199 331 1293 sefacere
347 1203 528 1296 quidquam,
553 1198 615 1294 nist
627 1205 709 1295 quod
727 1201 849 1268 viderit
867 1199 1199 1293 recitarat-omma

130 1296 615 1494 ittet-initiis:
630 1299 1200 1499 indimidiata
1258 1473 1271 1508 s

130 1500 231 1592 facin
261 1502 299 1578 σ
315 1503 438 1598 majora
455 1498 568 1570 borant
581 1519 673 1595 opera
688 1495 910 1594 demonstrabit
928 1505 978 1592 ei,
1010 1517 1122 1572 atvar
1139 1503 1196 1574 ad·

130 1605 304 1675 miremini.
357 1603 450 1672 Sicut
462 1604 549 1672 enim
567 1600 961 1686 Pateriuiciraimortaos,
982 1597 1197 1694 dinianica,

130 1701 165 1790 fic
179 1700 218 1776 (5
236 1700 360 1787 ntitas,
385 1703 568 1798 quarnarii,
592 1703 758 1792 vivificat.
810 1703 882 1774 Nec
896 1705 982 1772 enim
998 1702 1199 1799 Parerjudi·

130 1801 1004 1994 iiittiiinii‚iiiiiiiii‘iiiii
1037 1817 1198 1995 “iiii

130 1997 314 2090 horrorrficat
332 1999 462 2085 mitum,
488 2001 750 2091 monitonorificar
765 1999 906 2082 Patrem,
931 2002 1196 2098 qaimr'fitiilunt.

130 2098 390 2194 Proposrtionia
417 2096 560 2190 quidem
583 2099 679 2171 ordo
705 2098 741 2172 id
766 2099 956 2196 exigebat,
991 2111 1034 2173 ut
1062 2101 1197 2198 singula

130 2219 275 2294 quaeque
297 2218 429 2294 genera
450 2198 660 2295 singularum
683 2216 989 2291 quarumcumque
1011 2199 1197 2278 causarum

130 2297 448 2394 pertractarentur;
474 2296 732 2389 utquiaDeum
743 2295 1019 2374 eiieDominum
1031 2299 1196 2379 nostrum

130 2397 241 2496 iesum
258 2395 434 2472 Christum
451 2395 523 2471 Dei
537 2391 669 2490 filium,
695 2399 867 2490 nomine,
893 2401 1107 2494 nativitate,
1134 2422 1197 2475 na·

130 2514 219 2591 tura,
247 2497 441 2592 potestate,
467 2496 949 2591 profeifionedidiciss'emus,
976 2499 1196 2575 demonstra·

130 2601 180 2672 tio
199 2597 318 2672 nostra
335 2596 463 2694 gradus
476 2597 631 2693 singulos
649 2587 889 2690 dispofitionis
905 2599 1100 2691 propoirtae
1112 2619 1194 2692 per·

130 2713 305 2772 curreret:
339 2696 399 2771 sed
416 2694 616 2772 nativitatis
636 2695 673 2768 id
690 2711 818 2768 natura
832 2715 908 2768 non
923 2698 1081 2788 patitur,
1115 2719 1196 2789 quae

130 2801 160 2873 in
180 2796 215 2870 se
235 2816 393 2886 nomen,
425 2793 460 2866 δι
478 2805 663 2875 naturam,
694 2791 981 2887 &potestatem
1008 2795 1195 2890 &profes-

130 2898 260 2972 ironem
286 2891 362 2968 sola
390 2890 651 2984 complectitur·
714 2890 799 2966 Sine
829 2891 884 2966 hia
905 2897 998 2970 enim
1021 2898 1194 2973 nativitas

130 3016 203 3071 non
224 2992 313 3084 erit,
349 2992 433 3084 quia
450 2993 487 3065 in
509 2988 544 3066 se
561 2992 638 3066 haec
655 2992 776 3070 omnia
794 2987 974 3068 nascendo
989 2998 1193 3077 contineat.

130 3094 349 3189 Hancigitur
362 3093 569 3186 tractantes,
592 3091 781 3168 incidimus
795 3093 831 3168 in
844 3111 921 3170 eam
934 3096 1192 3193 neceffitatem,

130 3212 165 3269 ot
193 3189 351 3288 superius
372 3207 654 3270 commemorata
671 3195 716 3270 ad
738 3194 902 3270 ordinem
918 3193 1087 3272 tradatua
1106 3219 1194 3295 pro·
1278 3241 1280 3252 ·

130 3295 190 3394 prii
212 3290 358 3369 differre
373 3314 448 3369 non
466 3293 586 3370 liceat.

200 3416 256 3488 ¹7·
282 3394 516 3490 Respondent
532 3396 629 3470 enim
645 3390 825 3469 Dominus
846 3393 889 3468 ad
903 3393 1064 3492 Judaeoa,
1089 3396 1192 3489 quod

130 3514 208 3568 eum
232 3491 439 3568 interficere
463 3497 515 3570 ob
537 3495 612 3570 hoc
627 3494 737 3592 magia
757 3496 919 3582 veilent,
958 3498 1040 3586 quia
1051 3515 1192 3593 patrem

130 3591 225 3668 [uum
247 3592 367 3668 dicens
384 3593 525 3687 Deum,
553 3592 723 3686 aqualem
741 3591 775 3668 ie
793 3593 877 3667 Deo
894 3589 1053 3688 feciffet,
1079 3618 1190 3690 omne

130 3692 382 3769 sacramentum
408 3689 491 3770 fidei
508 3689 661 3784 nostra,
696 3694 779 3767 dum
800 3693 915 3787 impiis
939 3713 1067 3771 eorum
1082 3700 1190 3771 moti·

130 3797 193 3868 bus
218 3791 454 3884 contradicit,
488 3790 666 3887 exposuit.
719 3789 872 3866 Dixerat
892 3795 986 3868 enim
1004 3793 1189 3889 superius,
1209 3835 1214 3850 =

130 3913 227 3984 eum,
258 3891 458 3985 paralytico
481 3907 631 3985 curato,
666 3890 797 3966 violati
816 3888 948 3967 sabbati
972 3912 1056 3968 reus
1079 3896 1190 3971 etiam

130 3995 253 4071 nortis
273 3992 414 4086 judicio
428 3989 727 4067 constitueretur:
757 3995 853 4066 Pater
868 4018 953 4066 meus
972 3995 1066 4092 usique
1085 3994 1187 4065 adiret

130 4111 290 4189 operarer,
326 4090 365 4169 di
389 4117 439 4184 ego
458 4114 574 4188 operor.
625 4089 674 4166 Et
690 4093 774 4167 hinc
790 4096 906 4168 omnia
921 4094 1188 4168 accendebatur

130 4193 273 4285 invidia,
299 4187 445 4288 quodie
458 4188 909 4288 Deocxaeqnass‘etpaterni
922 4194 1077 4269 nominis
1091 4190 1188 4268 osur-

130 4292 283 4394 pacione.
332 4293 477 4374 Volent
501 4291 676 4478 itaqutk&
694 4295 928 4374 nativitatem
941 4289 1045 4372 icam
1061 4286 1203 4368 conie-

676 4413 697 4474 2
1038 4410 1181 4480 mita
