2742 4959
328 443 330 450 ,
439 429 446 445 d'
1169 184 1202 433 Ι

152 671 248 768 ixvt
322 681 359 760 S.
384 675 814 774 Hrtan11,l’1csav.
839 677 1061 761 Earscom

154 839 367 940 maxentio,
403 835 447 920 ut
470 811 781 921 Mediolanensem
805 823 1000 923 Ecclesiam
1029 823 1053 923 a
1076 821 1202 926 nemin·

153 969 357 1066 perturbari
378 957 614 1066 edldogravi
630 965 853 1065 preciperet.
952 965 954 972 '

228 1128 387 1208 Hilarius
401 1115 599 1204 Ecclesam
609 1117 793 1224 Episcopo
809 1129 981 1204 haeretico
997 1125 1202 1203 acatholici

152 1250 320 1346 Principe
334 1247 397 1324 sub
410 1249 558 1326 unitatis
575 1249 693 1346 specie
711 1269 754 1324 ac
768 1249 961 1323 uoluntate
976 1249 1161 1324 credlnon
1172 1249 1202 1323 su

151 1371 315 1467 stinens',
358 1369 620 1446 Valentiniano
651 1370 760 1446 etiam
785 1371 991 1464 importuna
1017 1369 1202 1464 interpella

151 1493 256 1567 tione
272 1490 452 1590 suggeslit,
477 1479 701 1567 Auxentium
713 1491 959 1586 blasphemum
978 1483 1067 1585 esse,
1095 1489 1202 1566 &om

151 1615 243 1688 nino
271 1607 412 1687 hostem
434 1609 565 1687 christi
586 1610 813 1706 habendum,
847 1631 1002 1703 eumque
1022 1611 1126 1688 aliter
1146 1633 1202 1690 cre

151 1733 261 1831 dere,
287 1753 393 1828 quam
408 1751 475 1807 rex
487 1731 584 1830 ipse,
610 1733 749 1808 aut-alii
766 1751 892 1808 omnes
910 1733 1096 1809 haberent.

226 1881 296 1974 Hir
311 1917 376 1970 tex
389 1895 576 1992 permotus
588 1891 811 1998 Auxentium
828 1913 910 1971 cum
925 1893 1065 1968 Hilario
1080 1915 1100 1968 a
1114 1896 1202 1996 Qua

150 2017 326 2112 stores&
340 2011 516 2117 Magistro
534 2013 848 2118 audiri'prreceplt,
862 2038 933 2092 una
950 2016 1199 2092 conlidentibu

150 2127 341 2233 Episcopia
353 2137 432 2212 lere
448 2123 591 2232 decem,
615 2145 708 2232 quos
722 2139 816 2213 inter
830 2139 1006 2212 emicabat
1023 2137 1148 2214 Hilarii
1162 2137 1202 2211 ad

145 2261 273 2357 jutor,
300 2279 342 2330 ac
358 2258 475 2331 socius
492 2256 666 2332 Eusebius
683 2259 933 2334 Vercellensas.
985 2258 1051 2331 Ille
1066 2259 1202 2352 primun

151 2381 197 2455 de
216 2376 617 2475 persona-calumniari,
640 2399 686 2469 ac
699 2380 801 2454 nolle
818 2379 994 2454 Hilarium
1010 2389 1053 2452 ut
1076 2373 1202 2472 Episco

149 2521 237 2598 pum
257 2500 391 2594 audiri,
418 2517 523 2594 quem
536 2499 719 2593 quondam
735 2497 947 2574 Saturninus
964 2498 1169 2576 damnasset.

224 2641 266 2720 Io
295 2640 524 2740 promptu-el
551 2656 630 2715 erat
655 2639 861 2734 responsio,
900 2639 935 2714 se
964 2660 1144 2731 nunquam
1174 2643 1202 2716 al

146 2755 371 2858 Episcopatu
394 2760 569 2856 dejectum
591 2761 681 2858 else,
721 2781 762 2834 ac
779 2759 906 2833 frustra
923 2761 1032 2855 objici
1051 2762 1194 2836 exilium

149 2905 224 2978 quo
246 2883 428 2958 Saturnini
444 2895 559 2976 opert
570 2879 691 2955 suerat
708 2879 894 2976 expulsus,
928 2901 1009 2954 cum
1027 2880 1062 2954 id
1080 2883 1141 2954 ille
1154 2882 1202 2956 ini

148 3015 222 3096 que
240 3003 331 3076 adeo
351 2999 546 3082 effecisset,
571 3014 614 3072 ut
627 3001 913 3092 mendaciorum,
940 3001 1068 3094 quibus
1088 3003 1130 3075 ad
1143 3003 1202 3077 hor

146 3125 286 3201 facinus
299 3134 540 3216 pervenerat,
568 3120 683 3214 palam
699 3137 780 3192 eum
795 3123 1019 3194 convincere
1031 3119 1092 3195 sabi
1106 3121 1202 3197 licen

148 3267 169 3319 a
189 3242 405 3318 Constantio
427 3239 657 3338 poposcerit,
691 3257 732 3312 ac
750 3239 937 3316 novissime
954 3242 991 3314 in
1009 3241 1202 3318 Bitterrens

147 3361 320 3438 Concilio
349 3361 567 3438 convicerit.
606 3359 718 3460 ¹¹Quid
740 3381 833 3437 vero
851 3361 892 3438 stt
906 3359 1138 3456 responsum,
1174 3385 1202 3438 ar

149 3484 218 3561 alia
237 3502 436 3580 properans
464 3479 622 3556 Hilarius
642 3465 781 3554 filontio
798 3483 1085 3586 praetereundum
1102 3483 1202 3559 duxit

148 3603 288 3680 Monet
302 3617 453 3686 tantum,
480 3613 556 3677 tum
572 3599 617 3675 ab
633 3583 689 3692 ils,
719 3601 778 3693 qui
799 3601 1006 3696 audiebant,
1033 3603 1202 3681 decretur

148 3709 238 3816 ess‘e,
271 3735 314 3798 ut
334 3721 379 3795 de
397 3715 469 3796 fide
486 3722 630 3817 potius,
665 3705 756 3796 sicut
774 3725 849 3822 regi
870 3726 1076 3822 placuerat,
1110 3729 1202 3826 agita

147 3857 260 3940 tetur.

160 4021 164 4028 ¹
221 3981 428 4062 Auxentiou
450 3979 510 4055 hic
533 3981 570 4058 in
589 3981 862 4079 arsloposrtus,
903 3983 1080 4062 Christum
1096 3986 1202 4061 Deun

144 4115 279 4203 negare
300 4104 382 4177 dum
405 4103 528 4195 timet,
568 4125 649 4180 eum
670 4105 774 4178 unius
797 4125 878 4180 cum
895 4105 980 4180 Deo
1003 4107 1107 4183 Patre
1126 4105 1201 4179 divi

147 4225 270 4304 ditatis
298 4223 333 4300 dt
356 4219 555 4338 suostantiae
575 4221 783 4320 profitetur.
801 4277 805 4284 -
846 4225 1102 4306 Profeslionem
1123 4227 1202 4302 ham

338 4377 346 4390 ·
1029 4345 1163 4446 scripto

468 4623 550 4649 Α
