2742 4959
195 685 320 747 earum
531 661 568 746 8.
618 665 924 746 Haesura

197 832 285 907 ciles
328 825 508 905 vocet‘i
591 825 662 904 Sed
711 851 792 910 cum
834 830 990 906 lsrdorus
1031 823 1166 927 Hispal.
1202 833 1268 914 lib.

196 951 228 1030 1.
261 949 355 1027 offic.
383 950 471 1028 eccl.
493 970 530 1024 ·c.
549 950 591 1026 ’6.
618 951 692 1025 hoc
718 954 752 1027 ei
777 952 889 1025 laudis
915 950 1068 1040 tribuit,
1114 1004 1141 1046 „
1166 957 1269 1045 quod

197 1074 418 1169 hymnorum
439 1059 606 1146 carmini·
620 1073 750 1145 claruit
774 1073 929 1167 primus,
944 1070 973 1112 “
1015 1070 1052 1144 in
1078 1091 1173 1146 unos
1199 1075 1271 1152 La·

196 1198 297 1270 tinos
321 1187 510 1286 respexisse
533 1190 787 1288 intelligendus
815 1189 878 1267 cst.
949 1189 1043 1267 Nam
1071 1192 1104 1264 dr
1130 1193 1165 1266 in
1193 1196 1272 1272 hoc

197 1288 332 1415 genet'e
356 1313 474 1409 longe·
491 1323 575 1385 ants
599 1309 774 1386 Hilarium
801 1312 1007 1384 claruerunt
1031 1308 1172 1386 Ascetae
1198 1316 1271 1413 illi,

131 1475 135 1480 ·
195 1436 246 1511 de
271 1432 400 1527 quibus
425 1426 599 1506 Eusebius
625 1431 686 1506 lib.
704 1428 749 1506 11.
775 1428 853 1505 hist.
880 1450 911 1505 c.
933 1451 988 1524 ¹7·
1012 1431 1091 1505 haec
1117 1455 1163 1506 ex
1184 1434 1269 1511 Phia

195 1556 284 1630 lone
317 1549 514 1628 describit:
553 1600 580 1644 ,‚
598 1549 690 1624 Non
722 1547 838 1625 solum
871 1553 1170 1643 contemplationi
1187 1621 1189 1626 .
1205 1577 1294 1658 va„

196 1689 311 1765 cant3
351 1669 412 1745 sed
448 1670 554 1745 etiam
587 1668 743 1752 ¹Cantica
778 1660 1007 1763 hymnosque
1044 1671 1087 1744 ad
1124 1674 1270 1755 laudem

196 1793 271 1871 Dei
302 1803 532 1886 componunt
564 1792 663 1868 omni
687 1805 887 1868 metrorum
912 1811 955 1867 ac
979 1790 1272 1875 modulationum

194 1934 341 2015 genere.
351 1912 379 1984 ‘.‘
440 1923 450 1946 ‘
1228 1927 1258 1988 ,·

283 2030 442 2108 ·Arianis
473 2051 618 2129 quoque
653 2032 803 2132 abipso
848 2047 934 2108 ortu
967 2032 1032 2108 suo
1072 2031 1270 2113 solemnem

194 2152 298 2228 fuisse
345 2154 562 2247 hymnorum
613 2166 758 2242 cantum
806 2155 904 2230 testis
952 2152 1010 2227 est·
1047 2155 1269 2248 percelebris

194 2272 257 2346 illa
299 2267 380 2343 Arii
425 2270 592 2366 Thalia,
652 2264 694 2345 in'
737 2291 814 2365 qua·
852 2274 1064 2349 Athanaius
1104 2290 1197 2351 orat
1235 2276 1266 2354 ·1.

195 2405 327 2468 eontra
344 2389 441 2463 Aria.
458 2388 587 2465 Arium
611 2387 671 2463 sua
696 2402 901 2465 commenta
925 2392 1103 2467 inseruisse
1128 2415 1267 2469 merno-

194 2530 264 2589 rat.
338 2509 549 2608 Magistrum
579 2509 708 2584 imitati
740 2509 900 2605 discipuli
928 2514 1084 2606 hymnos
1111 2529 1195 2606 apte
1220 2516 1268 2592 ad

194 2633 292 2712 suam
334 2632 480 2707 haeresrn
524 2629 746 2725 compositos
792 2634 993 2708 alternatim
1039 2635 1263 2710 cecinerunt.
1298 2669 1299 2678 Ν

194 2755 310 2852 Quod
344 2773 425 2830 curn
455 2750 617 2827 Arcadio
649 2749 902 2848 Imperatore,
943 2754 1067 2828 Gainae
1098 2759 1265 2849 potentia
1298 2816 1299 2826 t

193 2877 281 2952 freti
307 2877 482 2970 publice,
523 2893 565 2947 ac
591 2870 724 2947 summa
751 2893 832 2948 curn
859 2876 1004 2952 licentia
1029 2874 1259 2974 praestarent,
1297 2935 1299 2960 p

193 2998 336 3069 veritus
363 2989 667 3085 chrysostomus,
707 3014 753 3065 ne
780 2996 857 3085 quis
882 3018 928 3069 ex
956 2997 1262 3092 simplicioribus,
1296 2971 1299 3052 s

190 3110 398 3208 hujusmodi
419 3110 579 3201 canticis,
607 3108 650 3180 ab
671 3105 831 3183 Ecclefia
850 3114 1125 3209 abstraheretur,
1153 3138 1262 3207 quos·

193 3234 277 3309 darn
302 3254 349 3305 ex
374 3228 553 3303 catholica
578 3227 685 3320 plebe
711 3230 763 3302 eis
789 3232 985 3323 opposuit;
1009 3234 1013 3244 '
1037 3239 1096 3326 qui
1123 3240 1262 3327 maiore
1298 3280 1299 3318 ;

131 3425 136 3440 ,
194 3372 276 3427 curn
302 3372 436 3446 pompa
458 3348 498 3422 ,dr
522 3363 695 3441 apparatu
720 3350 877 3442 hymnos
904 3353 1129 3427 decantando
1157 3354 1260 3428 Aria·
1298 3365 1299 3370 ‘

190 3491 323 3546 norum
347 3469 500 3548 studium
526 3465 743 3561 superarent
803 3468 978 3556 Socratis·
993 3492 1033 3544 ac
1059 3471 1256 3549 Sozomeni

191 3593 252 3684 qui
277 3591 353 3665 haec
378 3590 486 3664 nobis
510 3589 682 3682 tradunt,
704 3588 730 3662 si
754 3590 1002 3681 expendantur
1028 3592 1165 3684 verba,
1192 3614 1256 3690 pu7

188 3711 361 3787 blicarum
395 3708 694 3806 supplicationum
719 3707 794 3783 save
817 3710 1081 3804 proceffionum
1105 3713 1253 3788 consue·

193 3831 284 3906 tudo
312 3831 349 3904 in
381 3828 506 3925 festis,
546 3850 588 3903 ac
614 3828 802 3903 dominicis
829 3830 1131 3928 diebususrtata,
1174 3836 1258 3910 hine

187 3966 274 4028 nata
306 3947 376 4022 esse
395 3948 515 4058 ‘facile
547 3949 832 4024 existimabitur.,
892 3955 1104 4053 Quanquam
1138 3956 1258 4045 hujus·

188 4068 288 4146 modi
313 4070 420 4144 ritum
443 4070 515 4163 jam
541 4081 706 4144 veterem
732 4070 888 4162 appellat
913 4072 1125 4149 Ambrosius
1152 4072 1252 4165 epist.
1295 4080 1299 4160 ,ἰ

187 4208 285 4264 nunc
309 4210 370 4280 40.
398 4188 442 4264 ad
465 4185 651 4265 Theodos.
678 4192 714 4284 §.
740 4194 804 4267 'rot
826 4192 887 4266 ubi
912 4193 1105 4270 Monachis
1132 4188 1255 4269 aVa·
1293 4247 1299 4268 s

1096 4313 1201 4389 lenti·
1296 4351 1299 4394 „¹
