<?xml version="1.0" encoding="UTF-8"?>
<!DOCTYPE html PUBLIC "-//W3C//DTD XHTML 1.0 Transitional//EN"
    "http://www.w3.org/TR/xhtml1/DTD/xhtml1-transitional.dtd">
<html xmlns="http://www.w3.org/1999/xhtml" xml:lang="en" lang="en">
 <head>
  <title>
</title>
<meta http-equiv="Content-Type" content="text/html;charset=utf-8" />
  <meta name='ocr-system' content='tesseract 3.04.00' />
  <meta name='ocr-capabilities' content='ocr_page ocr_carea ocr_par ocr_line ocrx_word'/>
</head>
<body>
  <div class='ocr_page' id='page_1' title='image "./operaomniasanct00librgoog/operaomniasanct00librgoog_0173.png"; bbox 0 0 2742 4959; ppageno 0'>
   <div class='ocr_carea' id='block_1_1' title="bbox 216 585 1284 682">
    <p class='ocr_par' dir='ltr' id='par_1_1' title="bbox 216 585 1284 682">
     <span class='ocr_line' id='line_1_1' title="bbox 216 585 1284 682; baseline -0.002 1"><span class='ocrx_word' id='word_1_1' title='bbox 216 607 237 654; x_wconf 72' lang='lat' dir='ltr'><em>s</em></span> <span class='ocrx_word' id='word_1_2' title='bbox 459 593 846 682; x_wconf 78' lang='lat' dir='ltr'>&#39;·Scnrrrn.</span> <span class='ocrx_word' id='word_1_3' title='bbox 1077 585 1284 682; x_wconf 82' lang='lat' dir='ltr'>cxxltnr¹</span> 
     </span>
    </p>
   </div>
   <div class='ocr_carea' id='block_1_2' title="bbox 85 762 1299 4467">
    <p class='ocr_par' dir='ltr' id='par_1_2' title="bbox 85 762 1299 2643">
     <span class='ocr_line' id='line_1_2' title="bbox 141 762 1214 872; baseline 0 -29"><span class='ocrx_word' id='word_1_4' title='bbox 141 764 351 843; x_wconf 75' lang='lat' dir='ltr'>lentinienis</span> <span class='ocrx_word' id='word_1_5' title='bbox 383 762 608 872; x_wconf 85' lang='lat' dir='ltr'>prohibitum</span> <span class='ocrx_word' id='word_1_6' title='bbox 639 765 712 843; x_wconf 85' lang='lat' dir='ltr'>ell&#39;e</span> <span class='ocrx_word' id='word_1_7' title='bbox 741 776 921 844; x_wconf 79' lang='lat' dir='ltr'>memorat</span> <span class='ocrx_word' id='word_1_8' title='bbox 953 818 983 860; x_wconf 90' lang='lat'>„</span> <span class='ocrx_word' id='word_1_9' title='bbox 998 766 1098 847; x_wconf 85' lang='lat' dir='ltr'>iter,</span> <span class='ocrx_word' id='word_1_10' title='bbox 1138 785 1214 859; x_wconf 91' lang='lat' dir='ltr'>quo</span> 
     </span>
     <span class='ocr_line' id='line_1_3' title="bbox 142 882 1214 988; baseline 0.002 -28"><span class='ocrx_word' id='word_1_11' title='bbox 142 884 302 960; x_wconf 76' lang='lat' dir='ltr'>Psalmos</span> <span class='ocrx_word' id='word_1_12' title='bbox 339 903 510 988; x_wconf 82' lang='lat' dir='ltr'>canentes</span> <span class='ocrx_word' id='word_1_13' title='bbox 549 910 596 962; x_wconf 87' lang='lat' dir='ltr'>ex</span> <span class='ocrx_word' id='word_1_14' title='bbox 632 887 893 963; x_wconf 85' lang='lat' dir='ltr'>consuetudine</span> <span class='ocrx_word' id='word_1_15' title='bbox 927 882 1062 979; x_wconf 87' lang='lat' dir='ltr'>usuque</span> <span class='ocrx_word' id='word_1_16' title='bbox 1094 887 1214 962; x_wconf 85' lang='lat' dir='ltr'>veterl</span> 
     </span>
     <span class='ocr_line' id='line_1_4' title="bbox 143 1004 1212 1108; baseline 0.002 -28"><span class='ocrx_word' id='word_1_17' title='bbox 143 1008 344 1104; x_wconf 78' lang='lat' dir='ltr'>pergebant</span> <span class='ocrx_word' id='word_1_18' title='bbox 356 1006 400 1080; x_wconf 82' lang='lat' dir='ltr'>ad</span> <span class='ocrx_word' id='word_1_19' title='bbox 409 1004 1212 1108; x_wconf 62' lang='lat' dir='ltr'>eelehntatemhlachabaeorumMartyrumf‘</span> 
     </span>
     <span class='ocr_line' id='line_1_5' title="bbox 173 1126 1271 1216; baseline -0.001 -14"><span class='ocrx_word' id='word_1_20' title='bbox 173 1163 178 1174; x_wconf 94' lang='lat'><strong>·</strong></span> <span class='ocrx_word' id='word_1_21' title='bbox 231 1126 310 1202; x_wconf 85' lang='lat' dir='ltr'>His</span> <span class='ocrx_word' id='word_1_22' title='bbox 336 1127 456 1200; x_wconf 87' lang='lat' dir='ltr'>obiter</span> <span class='ocrx_word' id='word_1_23' title='bbox 483 1128 709 1216; x_wconf 83' lang='lat' dir='ltr'>observatis,</span> <span class='ocrx_word' id='word_1_24' title='bbox 747 1142 790 1203; x_wconf 93' lang='lat' dir='ltr'>ut</span> <span class='ocrx_word' id='word_1_25' title='bbox 814 1127 858 1202; x_wconf 80' lang='lat' dir='ltr'>ed</span> <span class='ocrx_word' id='word_1_26' title='bbox 883 1126 1060 1202; x_wconf 77' lang='lat' dir='ltr'>Hilarium</span> <span class='ocrx_word' id='word_1_27' title='bbox 1086 1127 1211 1201; x_wconf 83' lang='lat' dir='ltr'>redeat</span> <span class='ocrx_word' id='word_1_28' title='bbox 1269 1173 1271 1182; x_wconf 92' lang='lat'>·</span> 
     </span>
     <span class='ocr_line' id='line_1_6' title="bbox 142 1242 1209 1344; baseline -0.001 -23"><span class='ocrx_word' id='word_1_29' title='bbox 142 1242 291 1338; x_wconf 79' lang='lat' dir='ltr'>sermo,</span> <span class='ocrx_word' id='word_1_30' title='bbox 341 1245 440 1328; x_wconf 80' lang='lat' dir='ltr'>forte</span> <span class='ocrx_word' id='word_1_31' title='bbox 467 1249 573 1321; x_wconf 81' lang='lat' dir='ltr'>etiarn</span> <span class='ocrx_word' id='word_1_32' title='bbox 598 1247 672 1344; x_wconf 88' lang='lat' dir='ltr'>ipse</span> <span class='ocrx_word' id='word_1_33' title='bbox 696 1249 791 1324; x_wconf 88' lang='lat' dir='ltr'>inter</span> <span class='ocrx_word' id='word_1_34' title='bbox 815 1243 975 1323; x_wconf 79' lang='lat' dir='ltr'>Arianos</span> <span class='ocrx_word' id='word_1_35' title='bbox 1000 1248 1209 1343; x_wconf 71' lang='lat' dir='ltr'>relegetur,</span> 
     </span>
     <span class='ocr_line' id='line_1_7' title="bbox 142 1364 1270 1463; baseline 0.004 -25"><span class='ocrx_word' id='word_1_36' title='bbox 142 1384 225 1440; x_wconf 82' lang='lat' dir='ltr'>eum</span> <span class='ocrx_word' id='word_1_37' title='bbox 257 1364 477 1456; x_wconf 83' lang='lat' dir='ltr'>hymnorum</span> <span class='ocrx_word' id='word_1_38' title='bbox 511 1366 634 1456; x_wconf 88' lang='lat' dir='ltr'>usum,</span> <span class='ocrx_word' id='word_1_39' title='bbox 674 1389 748 1463; x_wconf 87' lang='lat' dir='ltr'>quo</span> <span class='ocrx_word' id='word_1_40' title='bbox 782 1370 833 1442; x_wconf 88' lang='lat' dir='ltr'>illi</span> <span class='ocrx_word' id='word_1_41' title='bbox 866 1367 909 1441; x_wconf 80' lang='lat' dir='ltr'>ad</span> <span class='ocrx_word' id='word_1_42' title='bbox 935 1366 1087 1445; x_wconf 78' lang='lat' dir='ltr'>-haerefiu</span> <span class='ocrx_word' id='word_1_43' title='bbox 1112 1364 1209 1442; x_wconf 81' lang='lat' dir='ltr'>surm</span> <span class='ocrx_word' id='word_1_44' title='bbox 1258 1416 1270 1426; x_wconf 85' lang='lat'>-</span> 
     </span>
     <span class='ocr_line' id='line_1_8' title="bbox 141 1477 1299 1584; baseline 0.003 -27"><span class='ocrx_word' id='word_1_45' title='bbox 141 1485 380 1561; x_wconf 78' lang='lat' dir='ltr'>insinuandam</span> <span class='ocrx_word' id='word_1_46' title='bbox 406 1488 674 1584; x_wconf 81' lang='lat' dir='ltr'>abutebantur,</span> <span class='ocrx_word' id='word_1_47' title='bbox 714 1492 758 1565; x_wconf 86' lang='lat' dir='ltr'>ad</span> <span class='ocrx_word' id='word_1_48' title='bbox 784 1509 908 1564; x_wconf 80' lang='lat' dir='ltr'>vetem</span> <span class='ocrx_word' id='word_1_49' title='bbox 934 1484 1041 1561; x_wconf 84' lang='lat' dir='ltr'>fidem</span> <span class='ocrx_word' id='word_1_50' title='bbox 1067 1508 1109 1561; x_wconf 84' lang='lat' dir='ltr'>ac</span> <span class='ocrx_word' id='word_1_51' title='bbox 1134 1487 1222 1581; x_wconf 17' lang='lat' dir='ltr'>pit-s</span> <span class='ocrx_word' id='word_1_52' title='bbox 1278 1477 1299 1572; x_wconf 52' lang='lat' dir='ltr'>s</span> 
     </span>
     <span class='ocr_line' id='line_1_9' title="bbox 85 1597 1207 1703; baseline 0.002 -23"><span class='ocrx_word' id='word_1_53' title='bbox 85 1609 87 1621; x_wconf 83' lang='grc'><em>’</em></span> <span class='ocrx_word' id='word_1_54' title='bbox 140 1617 252 1680; x_wconf 82' lang='lat' dir='ltr'>tatem</span> <span class='ocrx_word' id='word_1_55' title='bbox 274 1597 396 1682; x_wconf 84' lang='lat' dir='ltr'>animis</span> <span class='ocrx_word' id='word_1_56' title='bbox 415 1604 573 1682; x_wconf 89' lang='lat' dir='ltr'>fidelium</span> <span class='ocrx_word' id='word_1_57' title='bbox 593 1609 826 1703; x_wconf 75' lang='lat' dir='ltr'>injiciendam·</span> <span class='ocrx_word' id='word_1_58' title='bbox 840 1609 874 1682; x_wconf 82' lang='lat'>&amp;</span> <span class='ocrx_word' id='word_1_59' title='bbox 887 1606 1084 1683; x_wconf 81' lang='lat' dir='ltr'>fovendam</span> <span class='ocrx_word' id='word_1_60' title='bbox 1107 1627 1207 1682; x_wconf 87' lang='lat' dir='ltr'>com·</span> 
     </span>
     <span class='ocr_line' id='line_1_10' title="bbox 142 1726 1206 1825; baseline -0.002 -24"><span class='ocrx_word' id='word_1_61' title='bbox 142 1726 373 1802; x_wconf 82' lang='lat' dir='ltr'>modiffimurn</span> <span class='ocrx_word' id='word_1_62' title='bbox 396 1730 601 1825; x_wconf 84' lang='lat' dir='ltr'>judicaret,</span> <span class='ocrx_word' id='word_1_63' title='bbox 646 1730 691 1806; x_wconf 76' lang='lat' dir='ltr'>ad</span> <span class='ocrx_word' id='word_1_64' title='bbox 716 1731 873 1825; x_wconf 77' lang='lat' dir='ltr'>hymnos</span> <span class='ocrx_word' id='word_1_65' title='bbox 899 1726 1107 1804; x_wconf 85' lang='lat' dir='ltr'>scribendos</span> <span class='ocrx_word' id='word_1_66' title='bbox 1133 1727 1206 1801; x_wconf 83' lang='lat' dir='ltr'>ani·</span> 
     </span>
     <span class='ocr_line' id='line_1_11' title="bbox 138 1846 404 1939; baseline 0.008 -18"><span class='ocrx_word' id='word_1_67' title='bbox 138 1865 236 1921; x_wconf 88' lang='lat' dir='ltr'>mum</span> <span class='ocrx_word' id='word_1_68' title='bbox 262 1846 404 1939; x_wconf 78' lang='lat' dir='ltr'>adjecit.</span> 
     </span>
     <span class='ocr_line' id='line_1_12' title="bbox 106 1946 1207 2044; baseline 0.006 -9"><span class='ocrx_word' id='word_1_69' title='bbox 106 2001 109 2006; x_wconf 95' lang='lat'>·</span> <span class='ocrx_word' id='word_1_70' title='bbox 239 1962 379 2042; x_wconf 83' lang='lat' dir='ltr'>Eorum</span> <span class='ocrx_word' id='word_1_71' title='bbox 407 1959 527 2042; x_wconf 80' lang='lat' dir='ltr'>saltem</span> <span class='ocrx_word' id='word_1_72' title='bbox 546 1969 745 2044; x_wconf 87' lang='lat' dir='ltr'>nonnullos</span> <span class='ocrx_word' id='word_1_73' title='bbox 769 1970 808 2042; x_wconf 91' lang='lat' dir='ltr'>in</span> <span class='ocrx_word' id='word_1_74' title='bbox 831 1946 1065 2044; x_wconf 74' lang='lat' dir='ltr'>ecclesnst&#39;ica</span> <span class='ocrx_word' id='word_1_75' title='bbox 1087 1965 1207 2042; x_wconf 76' lang='lat' dir='ltr'>officio</span> 
     </span>
     <span class='ocr_line' id='line_1_13' title="bbox 109 2074 1276 2182; baseline -0.001 -21"><span class='ocrx_word' id='word_1_76' title='bbox 109 2082 323 2178; x_wconf 82' lang='lat' dir='ltr'>‘susceptos</span> <span class='ocrx_word' id='word_1_77' title='bbox 348 2086 440 2180; x_wconf 81' lang='lat' dir='ltr'>elle,</span> <span class='ocrx_word' id='word_1_78' title='bbox 462 2088 584 2161; x_wconf 77' lang='lat' dir='ltr'>yelde</span> <span class='ocrx_word' id='word_1_79' title='bbox 607 2086 796 2182; x_wconf 77' lang='lat' dir='ltr'>probabile</span> <span class='ocrx_word' id='word_1_80' title='bbox 812 2086 883 2162; x_wconf 79' lang='lat' dir='ltr'>est.</span> <span class='ocrx_word' id='word_1_81' title='bbox 945 2085 1113 2162; x_wconf 84' lang='lat' dir='ltr'>Erasmus</span> <span class='ocrx_word' id='word_1_82' title='bbox 1138 2087 1204 2180; x_wconf 89' lang='lat' dir='ltr'>hy·</span> <span class='ocrx_word' id='word_1_83' title='bbox 1274 2074 1276 2077; x_wconf 62' lang='grc'><strong>’</strong></span> 
     </span>
     <span class='ocr_line' id='line_1_14' title="bbox 133 2193 1204 2304; baseline -0.002 -20"><span class='ocrx_word' id='word_1_84' title='bbox 133 2227 243 2284; x_wconf 87' lang='lat' dir='ltr'>mnos</span> <span class='ocrx_word' id='word_1_85' title='bbox 270 2206 317 2279; x_wconf 92' lang='lat' dir='ltr'>de</span> <span class='ocrx_word' id='word_1_86' title='bbox 341 2207 376 2283; x_wconf 86' lang='lat' dir='ltr'>S.</span> <span class='ocrx_word' id='word_1_87' title='bbox 400 2209 541 2304; x_wconf 79' lang='lat' dir='ltr'>Joonne</span> <span class='ocrx_word' id='word_1_88' title='bbox 559 2207 662 2303; x_wconf 83' lang='lat' dir='ltr'>Bapt</span> <span class='ocrx_word' id='word_1_89' title='bbox 689 2207 724 2281; x_wconf 72' lang='grc' dir='ltr'>ἀ</span> <span class='ocrx_word' id='word_1_90' title='bbox 749 2208 795 2283; x_wconf 87' lang='lat' dir='ltr'>de</span> <span class='ocrx_word' id='word_1_91' title='bbox 821 2207 952 2303; x_wconf 86' lang='lat' dir='ltr'>Cruce,</span> <span class='ocrx_word' id='word_1_92' title='bbox 978 2193 1106 2284; x_wconf 82' lang='lat' dir='ltr'>Hilarii</span> <span class='ocrx_word' id='word_1_93' title='bbox 1132 2204 1204 2282; x_wconf 80' lang='lat' dir='ltr'>elle</span> 
     </span>
     <span class='ocr_line' id='line_1_15' title="bbox 134 2324 1202 2421; baseline -0.003 -18"><span class='ocrx_word' id='word_1_94' title='bbox 134 2324 346 2420; x_wconf 71' lang='lat' dir='ltr'>conjellat:</span> <span class='ocrx_word' id='word_1_95' title='bbox 385 2324 444 2401; x_wconf 88' lang='lat' dir='ltr'>sed</span> <span class='ocrx_word' id='word_1_96' title='bbox 476 2329 607 2403; x_wconf 82' lang='lat' dir='ltr'>nullam</span> <span class='ocrx_word' id='word_1_97' title='bbox 633 2325 739 2403; x_wconf 81' lang='lat' dir='ltr'>affert</span> <span class='ocrx_word' id='word_1_98' title='bbox 761 2330 865 2421; x_wconf 88' lang='lat' dir='ltr'>hujus</span> <span class='ocrx_word' id='word_1_99' title='bbox 891 2327 959 2405; x_wconf 82' lang='lat' dir='ltr'>suae</span> <span class='ocrx_word' id='word_1_100' title='bbox 986 2326 1202 2420; x_wconf 77' lang='lat' dir='ltr'>conjeuurae</span> 
     </span>
     <span class='ocr_line' id='line_1_16' title="bbox 131 2446 1202 2543; baseline 0.004 -24"><span class='ocrx_word' id='word_1_101' title='bbox 131 2450 419 2543; x_wconf 81' lang='lat' dir='ltr'>probationem,</span> <span class='ocrx_word' id='word_1_102' title='bbox 457 2446 665 2541; x_wconf 86' lang='lat' dir='ltr'>&amp;hymnos</span> <span class='ocrx_word' id='word_1_103' title='bbox 686 2450 732 2523; x_wconf 86' lang='lat' dir='ltr'>de</span> <span class='ocrx_word' id='word_1_104' title='bbox 752 2468 859 2523; x_wconf 87' lang='lat' dir='ltr'>cruce</span> <span class='ocrx_word' id='word_1_105' title='bbox 880 2447 1094 2526; x_wconf 79' lang='lat' dir='ltr'>nominatim</span> <span class='ocrx_word' id='word_1_106' title='bbox 1114 2469 1202 2533; x_wconf 86' lang='lat' dir='ltr'>con·</span> 
     </span>
     <span class='ocr_line' id='line_1_17' title="bbox 127 2554 1146 2643; baseline -0.004 0"><span class='ocrx_word' id='word_1_107' title='bbox 127 2566 205 2643; x_wconf 78' lang='lat' dir='ltr'>stat</span> <span class='ocrx_word' id='word_1_108' title='bbox 230 2565 300 2641; x_wconf 82' lang='lat' dir='ltr'>elle</span> <span class='ocrx_word' id='word_1_109' title='bbox 323 2567 528 2643; x_wconf 82' lang='lat' dir='ltr'>Fortunati.</span> <span class='ocrx_word' id='word_1_110' title='bbox 964 2622 967 2630; x_wconf 86' lang='grc'><em>.</em></span> <span class='ocrx_word' id='word_1_111' title='bbox 1129 2554 1146 2578; x_wconf 47' lang='lat'>&#39;⁸</span> 
     </span>
    </p>

    <p class='ocr_par' dir='ltr' id='par_1_3' title="bbox 125 2673 1290 4348">
     <span class='ocr_line' id='line_1_18' title="bbox 165 2673 1201 2786; baseline 0 -23"><span class='ocrx_word' id='word_1_112' title='bbox 165 2745 169 2750; x_wconf 85' lang='lat'>.</span> <span class='ocrx_word' id='word_1_113' title='bbox 237 2688 447 2782; x_wconf 83' lang='lat' dir='ltr'>Hymnum:</span> <span class='ocrx_word' id='word_1_114' title='bbox 487 2673 601 2766; x_wconf 71' lang='lat' dir='ltr'>Gloria</span> <span class='ocrx_word' id='word_1_115' title='bbox 636 2694 674 2761; x_wconf 76' lang='lat' dir='ltr'>r&#39;n</span> <span class='ocrx_word' id='word_1_116' title='bbox 707 2688 851 2786; x_wconf 71' lang='lat' dir='ltr'>melfis,</span> <span class='ocrx_word' id='word_1_117' title='bbox 892 2689 936 2762; x_wconf 82' lang='lat' dir='ltr'>ab</span> <span class='ocrx_word' id='word_1_118' title='bbox 968 2689 1033 2761; x_wconf 89' lang='lat' dir='ltr'>illo</span> <span class='ocrx_word' id='word_1_119' title='bbox 1060 2684 1201 2763; x_wconf 63' lang='lat' dir='ltr'>rublum</span> 
     </span>
     <span class='ocr_line' id='line_1_19' title="bbox 125 2806 1199 2894; baseline -0.004 -9"><span class='ocrx_word' id='word_1_120' title='bbox 125 2810 172 2885; x_wconf 70' lang='grc' dir='ltr'>δι</span> <span class='ocrx_word' id='word_1_121' title='bbox 198 2808 479 2883; x_wconf 80' lang='lat' dir='ltr'>consummatum</span> <span class='ocrx_word' id='word_1_122' title='bbox 504 2806 575 2881; x_wconf 83' lang='lat' dir='ltr'>elie</span> <span class='ocrx_word' id='word_1_123' title='bbox 601 2808 748 2881; x_wconf 81' lang='lat' dir='ltr'>tradunt</span> <span class='ocrx_word' id='word_1_124' title='bbox 765 2808 940 2882; x_wconf 82' lang='lat' dir='ltr'>Alcuinus</span> <span class='ocrx_word' id='word_1_125' title='bbox 964 2807 1027 2881; x_wconf 83' lang='lat' dir='ltr'>lib.</span> <span class='ocrx_word' id='word_1_126' title='bbox 1053 2806 1199 2894; x_wconf 74' lang='lat' dir='ltr'>dediv.</span> 
     </span>
     <span class='ocr_line' id='line_1_20' title="bbox 127 2924 1290 3037; baseline -0.005 -33"><span class='ocrx_word' id='word_1_127' title='bbox 127 2926 590 3037; x_wconf 66' lang='lat' dir='ltr'>olto-Remigiusnuuss.</span> <span class='ocrx_word' id='word_1_128' title='bbox 617 2927 680 3003; x_wconf 87' lang='lat' dir='ltr'>lib.</span> <span class='ocrx_word' id='word_1_129' title='bbox 699 2926 727 3003; x_wconf 90' lang='grc' dir='ltr'>Ι.</span> <span class='ocrx_word' id='word_1_130' title='bbox 753 2928 798 3001; x_wconf 88' lang='lat' dir='ltr'>de</span> <span class='ocrx_word' id='word_1_131' title='bbox 824 2927 956 3003; x_wconf 88' lang='lat' dir='ltr'><strong>celebr.</strong></span> <span class='ocrx_word' id='word_1_132' title='bbox 974 2924 1092 3020; x_wconf 82' lang='lat' dir='ltr'>millae,</span> <span class='ocrx_word' id='word_1_133' title='bbox 1122 2926 1200 3000; x_wconf 87' lang='lat' dir='ltr'>Hu’·</span> <span class='ocrx_word' id='word_1_134' title='bbox 1285 3005 1290 3012; x_wconf 52' lang='grc'>,</span> 
     </span>
     <span class='ocr_line' id='line_1_21' title="bbox 126 3044 1201 3149; baseline -0.001 -27"><span class='ocrx_word' id='word_1_135' title='bbox 126 3069 188 3149; x_wconf 85' lang='lat' dir='ltr'>go</span> <span class='ocrx_word' id='word_1_136' title='bbox 213 3048 351 3124; x_wconf 71' lang='lat' dir='ltr'>Vistor.</span> <span class='ocrx_word' id='word_1_137' title='bbox 376 3050 438 3122; x_wconf 86' lang='lat' dir='ltr'>lib.</span> <span class='ocrx_word' id='word_1_138' title='bbox 461 3045 508 3124; x_wconf 86' lang='lat' dir='ltr'>ll.</span> <span class='ocrx_word' id='word_1_139' title='bbox 533 3047 579 3122; x_wconf 87' lang='lat' dir='ltr'>de</span> <span class='ocrx_word' id='word_1_140' title='bbox 605 3045 767 3142; x_wconf 81' lang='lat' dir='ltr'>sacram,</span> <span class='ocrx_word' id='word_1_141' title='bbox 800 3047 992 3122; x_wconf 83' lang='lat' dir='ltr'>Honorius</span> <span class='ocrx_word' id='word_1_142' title='bbox 1019 3044 1201 3143; x_wconf 83' lang='lat' dir='ltr'>Augusto·</span> 
     </span>
     <span class='ocr_line' id='line_1_22' title="bbox 128 3166 1199 3264; baseline -0.007 -17"><span class='ocrx_word' id='word_1_143' title='bbox 128 3166 229 3247; x_wconf 55' lang='lat' dir='ltr'>dun(</span> <span class='ocrx_word' id='word_1_144' title='bbox 249 3171 292 3247; x_wconf 88' lang='lat' dir='ltr'>L.</span> <span class='ocrx_word' id='word_1_145' title='bbox 319 3168 347 3245; x_wconf 88' lang='lat'>1.</span> <span class='ocrx_word' id='word_1_146' title='bbox 374 3169 419 3241; x_wconf 88' lang='lat' dir='ltr'>de</span> <span class='ocrx_word' id='word_1_147' title='bbox 444 3188 580 3264; x_wconf 77' lang='lat' dir='ltr'>gemma</span> <span class='ocrx_word' id='word_1_148' title='bbox 606 3170 750 3259; x_wconf 78' lang='lat' dir='ltr'>anlmae3</span> <span class='ocrx_word' id='word_1_149' title='bbox 782 3169 889 3261; x_wconf 88' lang='lat' dir='ltr'>idque</span> <span class='ocrx_word' id='word_1_150' title='bbox 915 3188 936 3240; x_wconf 80' lang='lat' dir='ltr'>a</span> <span class='ocrx_word' id='word_1_151' title='bbox 959 3167 1121 3261; x_wconf 88' lang='lat' dir='ltr'>pluribus</span> <span class='ocrx_word' id='word_1_152' title='bbox 1147 3167 1199 3240; x_wconf 77' lang='lat' dir='ltr'>ite</span> 
     </span>
     <span class='ocr_line' id='line_1_23' title="bbox 128 3269 1197 3379; baseline -0.005 -13"><span class='ocrx_word' id='word_1_153' title='bbox 128 3269 325 3372; x_wconf 71' lang='lat' dir='ltr'>existimari</span> <span class='ocrx_word' id='word_1_154' title='bbox 351 3290 484 3363; x_wconf 85' lang='lat' dir='ltr'>fatetur</span> <span class='ocrx_word' id='word_1_155' title='bbox 509 3288 635 3363; x_wconf 89' lang='lat' dir='ltr'>Innoc.</span> <span class='ocrx_word' id='word_1_156' title='bbox 662 3287 722 3363; x_wconf 90' lang='lat' dir='ltr'>lll.</span> <span class='ocrx_word' id='word_1_157' title='bbox 748 3289 810 3364; x_wconf 85' lang='lat' dir='ltr'>lib.</span> <span class='ocrx_word' id='word_1_158' title='bbox 835 3286 878 3361; x_wconf 90' lang='lat' dir='ltr'>ll.</span> <span class='ocrx_word' id='word_1_159' title='bbox 905 3286 1007 3379; x_wconf 91' lang='lat' dir='ltr'>myst.</span> <span class='ocrx_word' id='word_1_160' title='bbox 1033 3283 1137 3360; x_wconf 83' lang='lat' dir='ltr'>millae</span> <span class='ocrx_word' id='word_1_161' title='bbox 1163 3306 1197 3362; x_wconf 86' lang='lat' dir='ltr'>c.</span> 
     </span>
     <span class='ocr_line' id='line_1_24' title="bbox 129 3405 1200 3510; baseline -0.006 -25"><span class='ocrx_word' id='word_1_162' title='bbox 129 3433 197 3486; x_wconf 81' lang='lat'>20.</span> <span class='ocrx_word' id='word_1_163' title='bbox 273 3411 448 3510; x_wconf 81' lang='lat' dir='ltr'>Quamvis</span> <span class='ocrx_word' id='word_1_164' title='bbox 481 3405 553 3501; x_wconf 85' lang='lat' dir='ltr'>ipse</span> <span class='ocrx_word' id='word_1_165' title='bbox 577 3405 810 3497; x_wconf 86' lang='lat' dir='ltr'>Telesphoro</span> <span class='ocrx_word' id='word_1_166' title='bbox 844 3406 937 3481; x_wconf 88' lang='lat' dir='ltr'>hanc</span> <span class='ocrx_word' id='word_1_167' title='bbox 962 3406 1114 3501; x_wconf 81' lang='lat' dir='ltr'>gloriam</span> <span class='ocrx_word' id='word_1_168' title='bbox 1136 3408 1200 3479; x_wconf 89' lang='lat' dir='ltr'>tri·</span> 
     </span>
     <span class='ocr_line' id='line_1_25' title="bbox 129 3524 1199 3623; baseline -0.006 -18"><span class='ocrx_word' id='word_1_169' title='bbox 129 3534 236 3606; x_wconf 77' lang='lat' dir='ltr'>bunt.</span> <span class='ocrx_word' id='word_1_170' title='bbox 309 3527 358 3601; x_wconf 90' lang='lat' dir='ltr'>Et</span> <span class='ocrx_word' id='word_1_171' title='bbox 390 3529 531 3621; x_wconf 88' lang='lat' dir='ltr'>quidem</span> <span class='ocrx_word' id='word_1_172' title='bbox 556 3544 598 3601; x_wconf 93' lang='lat' dir='ltr'>ut</span> <span class='ocrx_word' id='word_1_173' title='bbox 618 3530 777 3621; x_wconf 51' lang='lat' dir='ltr'>¹hymnus</span> <span class='ocrx_word' id='word_1_174' title='bbox 803 3525 933 3623; x_wconf 85' lang='lat' dir='ltr'>Angel.</span> <span class='ocrx_word' id='word_1_175' title='bbox 958 3527 996 3599; x_wconf 90' lang='lat' dir='ltr'>in</span> <span class='ocrx_word' id='word_1_176' title='bbox 1020 3524 1118 3600; x_wconf 79' lang='lat' dir='ltr'>milla</span> <span class='ocrx_word' id='word_1_177' title='bbox 1143 3546 1199 3600; x_wconf 83' lang='lat' dir='ltr'>ct·</span> 
     </span>
     <span class='ocr_line' id='line_1_26' title="bbox 128 3644 1199 3741; baseline -0.006 -14"><span class='ocrx_word' id='word_1_178' title='bbox 128 3670 311 3741; x_wconf 78' lang='lat' dir='ltr'>notetur,</span> <span class='ocrx_word' id='word_1_179' title='bbox 356 3670 376 3721; x_wconf 80' lang='lat' dir='ltr'>a</span> <span class='ocrx_word' id='word_1_180' title='bbox 403 3647 636 3739; x_wconf 86' lang='lat' dir='ltr'>Telesphoro</span> <span class='ocrx_word' id='word_1_181' title='bbox 667 3646 706 3723; x_wconf 88' lang='lat' dir='ltr'>P.</span> <span class='ocrx_word' id='word_1_182' title='bbox 737 3646 938 3721; x_wconf 87' lang='lat' dir='ltr'>institutum</span> <span class='ocrx_word' id='word_1_183' title='bbox 962 3644 1032 3720; x_wconf 81' lang='lat' dir='ltr'>elle</span> <span class='ocrx_word' id='word_1_184' title='bbox 1058 3645 1199 3741; x_wconf 82' lang='lat' dir='ltr'>seripse-</span> 
     </span>
     <span class='ocr_line' id='line_1_27' title="bbox 131 3765 1197 3862; baseline -0.006 -17"><span class='ocrx_word' id='word_1_185' title='bbox 131 3785 224 3845; x_wconf 86' lang='lat' dir='ltr'>runt</span> <span class='ocrx_word' id='word_1_186' title='bbox 249 3768 449 3845; x_wconf 78' lang='lat' dir='ltr'>Anastasrus</span> <span class='ocrx_word' id='word_1_187' title='bbox 474 3768 648 3845; x_wconf 89' lang='lat' dir='ltr'>Biblioth.</span> <span class='ocrx_word' id='word_1_188' title='bbox 680 3770 718 3841; x_wconf 90' lang='lat' dir='ltr'>in</span> <span class='ocrx_word' id='word_1_189' title='bbox 744 3770 819 3862; x_wconf 89' lang='lat' dir='ltr'>ejus</span> <span class='ocrx_word' id='word_1_190' title='bbox 845 3768 948 3855; x_wconf 70' lang='grc' dir='ltr'>νίας</span> <span class='ocrx_word' id='word_1_191' title='bbox 992 3765 1197 3841; x_wconf 84' lang='lat' dir='ltr'>Valafridus</span> 
     </span>
     <span class='ocr_line' id='line_1_28' title="bbox 132 3885 1199 3966; baseline -0.007 0"><span class='ocrx_word' id='word_1_192' title='bbox 132 3887 269 3966; x_wconf 80' lang='lat' dir='ltr'>Strabo</span> <span class='ocrx_word' id='word_1_193' title='bbox 295 3890 340 3964; x_wconf 87' lang='lat' dir='ltr'>de</span> <span class='ocrx_word' id='word_1_194' title='bbox 365 3892 474 3963; x_wconf 85' lang='lat' dir='ltr'>rebus</span> <span class='ocrx_word' id='word_1_195' title='bbox 499 3887 622 3964; x_wconf 87' lang='lat' dir='ltr'>eccles.</span> <span class='ocrx_word' id='word_1_196' title='bbox 649 3909 680 3965; x_wconf 91' lang='lat' dir='ltr'>c.</span> <span class='ocrx_word' id='word_1_197' title='bbox 709 3911 766 3965; x_wconf 80' lang='lat'>22.</span> <span class='ocrx_word' id='word_1_198' title='bbox 843 3885 1042 3961; x_wconf 84' lang='lat' dir='ltr'>Amalarius</span> <span class='ocrx_word' id='word_1_199' title='bbox 1066 3887 1199 3962; x_wconf 86' lang='lat' dir='ltr'>Fortu-</span> 
     </span>
     <span class='ocr_line' id='line_1_29' title="bbox 132 4005 1261 4089; baseline -0.005 -2"><span class='ocrx_word' id='word_1_200' title='bbox 132 4025 246 4087; x_wconf 80' lang='lat' dir='ltr'>natus</span> <span class='ocrx_word' id='word_1_201' title='bbox 267 4013 328 4085; x_wconf 90' lang='lat' dir='ltr'>lib.</span> <span class='ocrx_word' id='word_1_202' title='bbox 344 4007 389 4084; x_wconf 91' lang='lat' dir='ltr'>Il.</span> <span class='ocrx_word' id='word_1_203' title='bbox 416 4007 461 4085; x_wconf 85' lang='lat' dir='ltr'>de</span> <span class='ocrx_word' id='word_1_204' title='bbox 486 4008 551 4085; x_wconf 89' lang='lat' dir='ltr'>off.</span> <span class='ocrx_word' id='word_1_205' title='bbox 566 4010 656 4084; x_wconf 83' lang='lat' dir='ltr'>eccl.</span> <span class='ocrx_word' id='word_1_206' title='bbox 680 4029 713 4083; x_wconf 88' lang='lat' dir='ltr'>c.</span> <span class='ocrx_word' id='word_1_207' title='bbox 730 4016 763 4089; x_wconf 89' lang='lat'>8.</span> <span class='ocrx_word' id='word_1_208' title='bbox 791 4005 825 4079; x_wconf 77' lang='grc' dir='ltr'>ἀ</span> <span class='ocrx_word' id='word_1_209' title='bbox 849 4005 1025 4082; x_wconf 87' lang='lat' dir='ltr'>Alcuinus</span> <span class='ocrx_word' id='word_1_210' title='bbox 1051 4008 1098 4082; x_wconf 89' lang='lat' dir='ltr'>de</span> <span class='ocrx_word' id='word_1_211' title='bbox 1121 4006 1197 4081; x_wconf 87' lang='lat' dir='ltr'>div.</span> <span class='ocrx_word' id='word_1_212' title='bbox 1250 4015 1261 4036; x_wconf 84' lang='lat'><strong>‘</strong></span> 
     </span>
     <span class='ocr_line' id='line_1_30' title="bbox 134 4127 1200 4225; baseline -0.005 -19"><span class='ocrx_word' id='word_1_213' title='bbox 134 4128 235 4206; x_wconf 88' lang='lat' dir='ltr'>offic.</span> <span class='ocrx_word' id='word_1_214' title='bbox 280 4127 358 4204; x_wconf 77' lang='lat' dir='ltr'>Sed</span> <span class='ocrx_word' id='word_1_215' title='bbox 372 4149 453 4204; x_wconf 88' lang='lat' dir='ltr'>curn</span> <span class='ocrx_word' id='word_1_216' title='bbox 470 4131 903 4223; x_wconf 75' lang='lat' dir='ltr'>procedentibusabsque</span> <span class='ocrx_word' id='word_1_217' title='bbox 918 4128 1070 4225; x_wconf 85' lang='lat' dir='ltr'>negotio</span> <span class='ocrx_word' id='word_1_218' title='bbox 1088 4149 1130 4202; x_wconf 86' lang='lat' dir='ltr'>ea</span> <span class='ocrx_word' id='word_1_219' title='bbox 1147 4148 1200 4201; x_wconf 81' lang='lat' dir='ltr'>rr·</span> 
     </span>
     <span class='ocr_line' id='line_1_31' title="bbox 134 4243 1202 4348; baseline -0.006 -21"><span class='ocrx_word' id='word_1_220' title='bbox 134 4255 243 4329; x_wconf 84' lang='lat' dir='ltr'>tione</span> <span class='ocrx_word' id='word_1_221' title='bbox 279 4251 466 4329; x_wconf 82' lang='lat' dir='ltr'>conciliari</span> <span class='ocrx_word' id='word_1_222' title='bbox 496 4265 663 4347; x_wconf 84' lang='lat' dir='ltr'>queunt,</span> <span class='ocrx_word' id='word_1_223' title='bbox 702 4264 745 4325; x_wconf 90' lang='lat' dir='ltr'>ut</span> <span class='ocrx_word' id='word_1_224' title='bbox 774 4245 1022 4348; x_wconf 81' lang='lat' dir='ltr'>Telesphorus</span> <span class='ocrx_word' id='word_1_225' title='bbox 1058 4243 1202 4338; x_wconf 87' lang='lat' dir='ltr'>quidem</span> 
     </span>
    </p>

    <p class='ocr_par' dir='ltr' id='par_1_4' title="bbox 628 4369 1152 4467">
     <span class='ocr_line' id='line_1_32' title="bbox 628 4369 1152 4467; baseline -0.002 -24"><span class='ocrx_word' id='word_1_226' title='bbox 628 4373 688 4467; x_wconf 68' lang='lat' dir='ltr'>ip</span> <span class='ocrx_word' id='word_1_227' title='bbox 849 4462 851 4466; x_wconf 15' lang='grc' dir='ltr'>Ι</span> <span class='ocrx_word' id='word_1_228' title='bbox 1036 4369 1152 4444; x_wconf 82' lang='lat' dir='ltr'>verba</span> 
     </span>
    </p>
   </div>
   <div class='ocr_carea' id='block_1_3' title="bbox 0 0 1376 4959">
    <p class='ocr_par' dir='ltr' id='par_1_5' title="bbox 0 0 1376 4959">
     <span class='ocr_line' id='line_1_33' title="bbox 0 0 1376 4959; baseline 0 1"><span class='ocrx_word' id='word_1_229' title='bbox 0 0 1376 4959; x_wconf 95' lang='lat' dir='ltr'> </span> 
     </span>
    </p>
   </div>
  </div>
 </body>
</html>
