2742 4959
175 649 248 746 198
380 635 418 718 S.
449 633 651 716 Hrtanrr
681 653 741 716 rar
770 633 1047 716 Tereum

174 803 285 884 tinuo
303 803 371 880 ait:
399 803 448 880 Et
462 805 584 898 majora
599 801 714 872 horum
731 822 823 896 opera
839 800 1065 900 demonstrabit
1077 803 1119 890 οὶ,
1145 815 1183 874 ui
1194 811 1258 878 w)

176 907 396 990 admiremini.
449 905 544 976 Sient
559 907 647 978 mim
668 903 763 976 Pater
772 902 908 993 sefiirat
927 919 1078 994 mortuos,
1104 901 1144 980 U
1159 909 1254 976 vivi·

169 1003 388 1108 junruit&
414 1007 529 1084 Ferret,
556 1013 735 1096 queaverit,
760 1005 925 1094 vivificat.
977 1000 1254 1082 Demonstratio
1298 1081 1299 1090 ,

180 1124 273 1204 ergo
294 1103 406 1182 futuri
427 1105 548 1200 operia
566 1122 642 1178 nora
655 1105 843 1200 ignoratur
858 1124 877 1176 a
893 1099 1003 1194 Filio,
1031 1103 1087 1176 cui
1109 1103 1182 1178 hoc
1195 1105 1256 1181 de·

178 1205 449 1288 monstrandum
471 1201 543 1290 est,
576 1206 808 1296 interempto
832 1217 990 1296 paterne
1007 1201 1142 1276 natorae
1158 1225 1256 1280 rnor-

179 1300 467 1382 auos-vivificet.
522 1299 573 1377 Ea
590 1306 686 1378 enim
704 1303 843 1377 Patrem
860 1300 1183 1379 demonstraturum
1198 1305 1256 1378 Fi·

177 1397 235 1488 lio
253 1405 360 1491 dicit,
395 1425 473 1496 quae
490 1404 681 1478 mirentur:
721 1403 851 1496 &quar
873 1403 997 1477 eadem
1020 1401 1157 1495 essent,
1192 1406 1257 1481 ilie

179 1527 269 1588 mox
287 1505 432 1580 docuit:
459 1507 552 1576 Sicut
570 1513 655 1578 enim
672 1506 915 1594 Patersrtsca‘tat
929 1518 1078 1583 morters,
1101 1501 1142 1580 θ
1160 1509 1256 1574 vivi·

172 1609 270 1712 ¹ficar,
293 1607 330 1690 iic
343 1605 383 1682 U
410 1605 524 1692 tritus,
551 1630 626 1701 quoa
641 1605 731 1695 vair,
757 1606 917 1695 vivtficat.
971 1601 1163 1696 Exaequata
1179 1605 1253 1677 vir·

180 1721 242 1784 tua
263 1704 316 1782 est
335 1725 399 1799 per
419 1721 555 1780 nature
580 1705 784 1782 indiiiimiiia
804 1708 990 1779 unitatem.
1041 1699 1091 1778 Et
1109 1703 1260 1776 demon·

180 1807 310 1886 stratio
334 1825 489 1896 operum
514 1826 590 1879 non
614 1808 853 1902 ignorationis
878 1800 1063 1879 instruiiio
1088 1801 1160 1896 est,
1198 1802 1258 1878 sed

181 1905 318 1986 nostre
336 1903 440 1982 ndei:
475 1927 553 1996 quae
570 1927 648 1982 nou
663 1903 756 1982 Filio
772 1905 953 1980 scientiam
976 1907 1255 2001 ignoratorum,

182 2005 244 2084 ted
255 2003 364 2083 nobit
373 2005 632 2086 confeffionen
644 2006 843 2081 nativitatis
856 2006 1011 2097 invexit,
1037 2001 1258 2079 confirmant

183 2127 265 2188 eam
282 2126 347 2200 per
364 2107 414 2194 id,
442 2109 541 2199 quod
559 2107 621 2182 ibi
637 2107 760 2184 omnia
772 2105 885 2182 essent
896 2103 1150 2196 demonstrata,
1178 2124 1256 2195 que

184 2205 317 2306 potiet.
367 2206 500 2298 Neque
524 2210 619 2282 enirn
639 2226 716 2282 non
740 2205 1030 2300 circumspenum
1054 2201 1089 2277 se
1109 2201 1257 2278 celestia

184 2307 304 2386 sermo
324 2306 418 2400 egit,
452 2327 498 2380 ne
520 2307 620 2380 forte
637 2305 784 2380 diverse
806 2324 942 2380 nature
964 2301 1175 2400 significatio
1196 2301 1257 2378 sub

166 2401 861 2503 ·occafionedittiambiguistibreperet.
900 2403 1258 2481 Demonstrataenim

186 2508 222 2582 ei
240 2507 363 2600 potius
385 2526 497 2596 opera
518 2506 631 2580 Patris
648 2505 717 2582 effe
733 2507 795 2596 ait,
822 2526 927 2598 quarn
947 2506 990 2578 ad
1005 2505 1259 2597 operationem

186 2625 316 2684 eorum
340 2622 504 2680 naturam
538 2608 684 2681 virtutis
708 2604 895 2697 adjettam:
937 2619 979 2680 ut
997 2604 1259 2679 demonstratio

186 2705 261 2800 ipsa
277 2707 478 2782 nativitatis
498 2705 568 2782 effe
589 2705 778 2784 substantia
795 2708 1010 2798 doceretur,
1038 2708 1094 2778 cui
1123 2727 1188 2800 per
1209 2706 1260 2778 di·

186 2791 381 2884 letiionem
399 2805 526 2888 ranis,
554 2829 706 2902 operum
725 2823 971 2901 paternorum,
998 2828 1076 2898 quae
1097 2828 1160 2902 per
1177 2826 1258 2880 cunr

188 2905 281 2984 effici
310 2909 445 3000 veliet,
482 2905 568 2984 eiset
591 2922 749 2982 connata
773 2909 950 3002 cognitio.
1004 2906 1122 2979 Porro
1140 2922 1260 2981 autent

186 3025 237 3085 tte
262 3027 327 3100 per
354 3007 670 3084 demonstrationis
695 3009 971 3101 proieffionent3
1006 3008 1207 3104 ignorantis
1226 3009 1262 3081 in

190 3128 239 3182 eo
266 3122 402 3180 naturae
428 3107 613 3182 diversitas
634 3110 862 3196 crederetur3
898 3129 941 3184 ea
959 3107 1054 3203 ipsa,
1088 3128 1262 3202 quaepro·

188 3203 316 3284 fitetur
333 3205 627 3296 demonstranda,
655 3228 732 3282 non
750 3205 872 3283 nescit.
924 3208 1052 3300 Usque
1073 3210 1164 3282 adeo
1185 3227 1262 3282 non

188 3305 236 3384 de
251 3304 406 3397 exempli
417 3302 633 3382 autioritate
646 3305 807 3406 gesturus
818 3307 883 3403 est,
909 3325 952 3384 ut
969 3306 1144 3396 vivificet,
1168 3327 1263 3396 quos

187 3405 294 3481 velit.
348 3407 456 3482 Veile
480 3406 575 3481 eninr
593 3423 729 3481 nature
750 3408 895 3483 libertas
918 3407 987 3492 est,
1024 3428 1101 3498 quae
1118 3405 1160 3477 ad
1182 3424 1265 3497 per·

185 3503 293 3688 ἔξω
307 3505 453 3584 virtutis
467 3507 727 3586 beatitudinem
741 3530 822 3586 cum
832 3509 967 3586 arbitrii
978 3507 1171 3581 voluntate
1185 3505 1266 3580 sub·

205 3753 212 3760 -
275 3727 332 3784 20.
359 3705 417 3782 Ac
434 3729 504 3780 nec
519 3708 714 3802 deinceps,
747 3709 868 3802 quod,
900 3727 992 3802 quoa
1009 3706 1109 3798 vuit,
1143 3701 1266 3782 vivifi·

194 3820 279 3898 eet,
314 3825 390 3882 noo
417 3811 616 3885 nativitatis
641 3810 787 3884 videtur
806 3812 842 3884 in
865 3806 899 3884 se
922 3808 1056 3882 habere
1079 3820 1264 3900 naturam,

192 3905 347 3986 sednon
369 3924 461 3980 nata
481 3911 607 4002 potina
629 3909 819 4002 potestatis
833 3910 914 4004 jure
934 3905 1138 4001 subiistere,
1178 3928 1267 3980 con·

194 4007 304 4090 tinuo
324 4003 491 4098 subjecitt
525 4011 593 4084 Nec
612 4015 699 4084 mim
730 4016 823 4083 Pater
838 4010 965 4109 judicet
982 4032 1185 4107 quemquam,
1211 4007 1267 4097 sed

192 4131 285 4184 anm
295 4107 453 4206 judicium
467 4108 554 4183 dedit
574 4109 669 4191 itte.
720 4107 770 4185 Et
786 4111 823 4184 in
840 4129 902 4199 eo,
932 4109 1032 4204 quod
1050 4131 1159 4185 omne
1176 4108 1266 4197 iudi·

194 4208 293 4285 ciunt
312 4207 433 4283 datum
446 4207 509 4298 est,
537 4209 725 4303 ornatura,
751 4209 973 4287 &nativitas
990 4207 1266 4285 demonstratura

184 4307 276 4414 qaia
301 4307 338 4390 ἁ
360 4310 486 4394 onnia
503 4309 640 4396 hebet
657 4312 734 4391 tora
757 4325 888 4396 natura
908 4311 1013 4412 potiit
1029 4307 1269 4501 inngs’
