2742 4959
514 651 840 734 scurras„
1134 677 1223 760 qo

138 809 343 909 monum,
379 815 507 908 quibus
531 816 685 892 Hilarius
711 817 755 889 ab
772 837 814 890 ee
831 811 1028 912 discrepat,
1066 815 1109 891 ad
1125 835 1216 894 mer·

139 944 262 1040 ginem
285 935 493 1030 adscriptis,
526 959 635 1010 nemo
652 939 747 1011 iiiam
768 955 836 1029 pro
854 935 1037 1009 Hilarium
1054 934 1214 1032 usurpet.

136 1057 295 1133 Easdem
315 1047 622 1150 Wirceburge'nss
646 1056 760 1130 editio
781 1057 876 1131 inter
889 1056 1043 1147 reliquas
1061 1060 1224 1138 varietas.

138 1197 198 1264 tes
212 1175 406 1256 lestionum
421 1177 595 1270 repositus
614 1176 738 1251 refert.

240 1298 282 1374 ln
302 1295 387 1371 Mis.
405 1297 523 1392 Regio
540 1277 813 1389 &·Turoneriii,
839 1296 875 1369 in
892 1296 1020 1387 quibus
1036 1318 1212 1394 nusquam

136 1431 243 1495 extat
256 1416 409 1490 Psalmus
423 1418 562 1511 integer
577 1417 682 1510 ipsius
702 1416 919 1512 expositioni
928 1419 1097 1512 pravius,
1124 1441 1211 1495 una·

136 1557 292 1633 quaeque
307 1539 486 1611 enarratio
503 1537 564 1613 vel
579 1533 784 1631 srmplici'ter
807 1536 962 1626 Psalmis,
988 1539 1049 1609 vei
1073 1531 1210 1613 ‘Russu-

136 1677 192 1734 ιιι
217 1659 334 1743 i'saimi
351 1656 564 1733 inscribitur.
625 1657 712 1731 Hoc
735 1649 909 1729 matiam
924 1658 1033 1730 titulo
1055 1658 1208 1756 singulas

137 1779 185 1856 eb
198 1777 353 1872 ipsomet
370 1778 508 1851 Hilario
520 1778 698 1874 insignitas
711 1776 826 1870 fuisse,
852 1798 898 1853 ex
915 1777 1036 1852 verbis
1052 1780 1156 1873 ipsius
1170 1782 1208 1857 io

136 1899 192 1976 Ps
224 1917 305 1991 ¹30·
329 1903 367 1990 §.·
387 1917 416 1967 1.
435 1898 469 1968 ἀ
487 1899 524 1968 in
541 1894 593 1970 Ps.
621 1917 701 1988 135.
717 1902 749 1989 §.
777 1918 832 1971 12.
853 1895 888 1967 du
911 1918 967 1986 14.
984 1897 1207 1988 pianumest.

238 2018 299 2107 De
314 2016 435 2109 operis
449 2016 553 2106 hujus
565 2013 721 2087 utilitate
736 2035 846 2088 unum
859 2015 932 2089 hoc
942 2015 978 2088 in
990 2014 1119 2090 summa
1130 2037 1209 2093 mo·

135 2140 294 2219 nendum
316 2136 454 2225 adhuc,
480 2134 516 2209 8.
533 2132 734 2208 Dostorem
755 2135 791 2207 in
806 2154 855 2208 eo
877 2134 954 2209 fere
977 2138 1208 2230 complexum

135 2261 221 2355 effe,
249 2255 420 2352 quidquid
436 2255 480 2328 de
495 2256 683 2351 precipuis
696 2253 780 2331 fidei
793 2253 924 2331 nostro
940 2256 1117 2357 dogmatu
1128 2258 1206 2338 sen·

137 2384 216 2459 tiat.
539 2387 551 2434 '-

404 2501 657 2571 Commentarius
682 2503 721 2571 in
748 2501 944 2573 Mariam.

235 2618 453 2695 Verfionem
475 2617 708 2693 Trasiatuum
733 2620 901 2716 Origenis
925 2622 962 2693 in
985 2619 1119 2694 Lucam
1136 2619 1207 2699 ase

137 2739 433 2836 exposcentibus,
460 2739 557 2812 hunc
573 2739 700 2812 Hiiarii
717 2738 1026 2814 Commentarium
1041 2756 1208 2818 unacum

137 2864 254 2935 altero
271 2860 450 2935 Victorini
468 2859 559 2933 misrt
577 2859 845 2950 Hieronymus,
877 2859 1083 2954 gratulans,
1107 2860 1208 2952 quod

136 2980 331 3074 Scripturis
358 2978 581 3073 exponendis
599 2980 671 3071 jam
698 2980 836 3072 pridem
859 2978 920 3072 ipss
955 2979 1062 3056 etiam
1083 2979 1206 3057 Latini

136 3094 489 3198 operannavassent.
541 3097 884 3194 ‚,Commentarios,
903 3081 1204 3200 inquitproiogo,

137 3221 197 3315 qui
212 3214 382 3317 origenis
399 3220 434 3292 in
448 3219 583 3294 Lucam
599 3221 844 3313 explanationi
859 3217 1026 3315 praefixus
1041 3220 1105 3316 est,
1131 3223 1205 3296 viri
1237 3226 1240 3234 '

138 3341 410 3435 doquentiffirni
428 3339 568 3431 Hiiarii,
594 3339 629 3411 du
641 3338 680 3414 B.
696 3338 870 3431 Martyris
889 3339 1083 3432 Visiorini,
1110 3362 1204 3435 quos

135 3462 172 3538 iu
188 3463 357 3554 ,Methaeo
384 3456 528 3533 diuerso
550 3458 736 3554 sermone,
763 3457 821 3534 sed
836 3482 906 3536 una
924 3461 1203 3559 gratiaSpiritue

138 3583 347 3676 ediderunt,
372 3578 454 3674 post
473 3600 609 3673 paucos
625 3580 700 3653 dies
723 3580 765 3653 ad
785 3601 854 3654 vos
869 3585 1015 3658 mittere
1032 3582 1202 3676 disposui:

137 3703 382 3803 ueignoretis,
409 3715 580 3794 quantum
592 3696 723 3772 nostris
734 3704 1097 3793 quoquehominibus
1112 3700 1204 3801 (La.

136 3825 219 3899 tinis
238 3820 431 3921 videlicet)
459 3817 923 3914 sannarumscripturamm
940 3824 1120 3917 quondam
1134 3822 1204 3898 stu·

136 3945 234 4022 dium
252 3941 415 4017 fuerit.“
465 3941 608 4040 Quibus
631 3942 753 4015 verbis
774 3944 930 4034 quodam
948 3944 1053 4039 pasto
1067 3944 1204 4020 indicat

136 4049 408 4157 Hieronymus,
440 4058 614 4138 sacrarum
638 4061 837 4136 litterarum
855 4064 1126 4165 intelligentiam
1142 4063 1204 4138 ha·

137 4185 261 4262 iienus
283 4207 304 4260 e
333 4181 467 4256 Grecis
489 4182 685 4275 quaesttam,
723 4181 933 4262 &necdum
950 4165 1044 4261 bene
1066 4198 1206 4285 notos,

135 4310 195 4403 qui
214 4327 262 4383 ex
281 4303 418 4380 Latinis
432 4302 527 4377 idem
545 4299 698 4377 studium
717 4298 951 4402 suscepissent
1002 4302 1079 4402 lpse
1092 4305 1202 4387 iniib.

258 4427 263 4434 ’
630 4419 657 4497 h
685 4442 707 4494 2
1113 4423 1165 4506 de
