2742 4959
685 278 784 321 Ι.

192 649 290 712 euru
528 624 920 708 S.·H-ruanr'r

192 789 425 890 transposuit.
443 790 498 854 “2
532 787 685 887 Idipsum
713 790 862 887 reponit
887 787 1037 883 epistola
1065 788 1109 865 ad
1137 783 1268 870 Theo

191 915 342 1012 pulum.

291 1031 457 1108 Pluribus
469 1029 545 1105 aliis
555 1030 774 1127 argumentis
786 1026 1056 1120 confirmamur,
1084 1031 1262 1110 Hilarium

184 1155 345 1252 ‘Origeni
362 1170 439 1226 non
456 1149 590 1225 deone
606 1153 742 1244 omnia,
769 1170 846 1241 quae
858 1151 893 1222 in
906 1149 960 1224 his
977 1151 1184 1227 tradatibus
1197 1151 1263 1228 dis·

189 1275 285 1354 serit.
335 1270 456 1346 Primo
473 1270 616 1362 quidem
631 1271 753 1367 negari
767 1272 906 1365 nequit,
933 1271 1017 1363 quin
1035 1272 1182 1348 latinum
1197 1295 1261 1348 co·
1295 1345 1297 1378 Ι

190 1397 306 1470 dicem
329 1391 585 1488 exponendum
608 1387 845 1486 susceperim-1
860 1412 902 1464 ac
926 1393 1261 1486 proinde'quaedam
1295 1391 1297 1416 ⁸

188 1514 369 1592 ciiuerint
380 1508 604 1605 explicanda,
631 1530 709 1603 qrrae
727 1513 904 1609 Origenes
917 1533 995 1586 non
1009 1514 1139 1613 attigit.
1182 1513 1258 1589 De·
1295 1555 1297 1580 .

187 1635 273 1712 inde
294 1655 374 1707 curn
394 1631 572 1728 Origenes
587 1630 780 1707 Ambrosio
804 1631 904 1707 seror.
921 1658 954 1722 4.
975 1634 1012 1708 in
1032 1632 1084 1711 Ps.
1108 1640 1188 1715 118·
1204 1647 1260 1708 te·

185 1753 254 1848 ste,
281 1753 494 1858 protulerit:
520 1751 701 1849 dplisaor'r,
726 1753 786 1826 ubi
805 1751 960 1825 Hilarius
987 1756 1097 1851 magis
1107 1756 1259 1849 probata

188 1877 395 1967 dormitavit,
419 1871 546 1965 liquet,
571 1870 668 1946 hunc
688 1873 731 1946 ub
748 1873 814 1949 illo
829 1875 866 1947 in
883 1873 1056 1969 ambiguis
1075 1872 1260 1970 scripturo

187 1999 345 2074 vocibus
362 1992 617 2070 transferendis
633 1991 822 2070 discessisse.
876 1991 932 2068 Ex
951 2015 1024 2086 quo
1042 1993 1257 2091 neceffeest,

185 2130 229 2192 ut
244 2137 313 2190 nec
328 2116 365 2188 in
376 2116 500 2188 iisdem
514 2114 734 2208 explicandis
750 2137 830 2189 curn
846 2113 923 2208 ipso
938 2120 1166 2192 convenerit
1221 2142 1255 2211 3.

186 2237 355 2313 Invoco:
384 2235 582 2328 Diapfirima,
607 2235 972 2330 intelligendaaliaess
985 2234 1256 2330 Origenisapud

185 2355 453 2446 Hieronymum
468 2351 568 2444 epist.
586 2353 629 2425 ad
646 2351 869 2440 Marcellam,
897 2353 931 2422 dt
949 2355 1014 2425 alia
1033 2355 1157 2427 Hilarii
1170 2375 1257 2447 pro-

183 2477 275 2573 logo
302 2476 338 2547 in
363 2468 449 2546 Psal.
468 2468 653 2545 sententia
715 2494 750 2561 4.
778 2473 869 2571 Qun
884 2471 1040 2545 Hilarius
1059 2473 1104 2546 de
1122 2470 1253 2550 Christi

183 2598 379 2695 dignitate,
414 2591 572 2684 virtute,
605 2594 827 2686 eternitate,
862 2590 1253 2689 dispensationepasfim

184 2716 338 2807 disserit,
373 2737 415 2788 ea
435 2716 533 2788 illurn
551 2713 595 2786 ab
613 2712 774 2808 Origene
791 2705 991 2788 mutuaturn'
1013 2714 1083 2787 else
1098 2716 1174 2808 quis
1190 2715 1254 2790 fibi

181 2833 419 2933 per-suadenti
463 2854 497 2923 s.
524 2830 879 2928 Deresurrediione,
914 2837 959 2910 de
977 2815 1090 2931 pr'enis
1110 2837 1253 2912 aeternis

181 2958 286 3053 plura
309 2957 419 3029 habet
443 2975 462 3027 a
487 2951 648 3025 doslrina
675 2954 844 3051 Origenis
874 2957 1019 3050 prorsus
1039 2959 1163 3035 aliena.
1215 2961 1252 3036 6.

181 3074 273 3152 Cum
292 3070 462 3167 Origcnis
476 3070 513 3142 in
530 3071 705 3144 litteram:
746 3074 876 3151 Pdel's.
901 3087 1003 3169 118„
1029 3091 1098 3153 net
1116 3097 1193 3151 non
1213 3079 1251 3149 in

180 3195 235 3271 Ps.
258 3196 337 3267 126.
354 3190 599 3285 expositiones
609 3189 683 3280 jam
703 3189 873 3286 Pamphili
888 3217 971 3269 aevo
988 3195 1155 3270 excidisse
1166 3197 1251 3267 hino

179 3315 428 3406 Hieronymus
443 3310 486 3382 ad
503 3308 714 3384 Marcellam
733 3313 923 3404 approbet,
952 3315 1049 3406 quod
1061 3315 1136 3387 illas
1152 3312 1251 3387 Mar·

178 3446 241 3527 tyr
256 3432 352 3507 idem
367 3434 402 3504 in
414 3432 532 3505 indice
546 3450 623 3503 non
636 3429 874 3520 recensuerits
902 3435 969 3508 lros
986 3449 1106 3508 tarnen
1124 3433 1249 3508 Hilarii

178 3551 348 3627 traditus
362 3573 439 3626 non
457 3553 679 3626 advertimus
693 3567 753 3625 aut
763 3555 839 3628 aliis
852 3554 1062 3642 inferiores,
1091 3571 1153 3627 aut
1167 3553 1248 3630 stilo

178 3674 225 3749 ab
239 3674 282 3745 iis
300 3676 359 3748 vel
378 3675 535 3747 tenuiter
556 3671 806 3764 discrepantes.
865 3701 899 3772 7.
928 3676 1099 3773 Qurcdarn
1125 3674 1248 3749 ctiam·

177 3813 265 3869 num
282 3791 466 3888 supersunt
485 3793 653 3891 Origenis
668 3797 704 3866 in
722 3792 774 3870 Ps.
791 3815 822 3872 r.
838 3796 1048 3896 fingmento,
1076 3816 1246 3882 quercum

178 3911 306 3988 Hilarii
321 3913 359 3987 in
378 3903 531 3988 eundem
543 3911 716 3987 Psalmum
736 3916 962 3990 enarratione
980 3917 1112 3989 nullam
1133 3917 1247 3987 omni·

175 4052 229 4108 no
246 4032 381 4108 habent
397 4031 614 4110 affinitatem.
646 4030 756 4107 ¹Tria
777 4035 918 4124 quidem
944 4058 988 4109 err
1008 4037 1074 4108 illis
1093 4034 1243 4127 propius

175 4150 229 4228 est
244 4154 417 4247 imitatus,
442 4151 502 4226 sed
521 4153 768 4228 commodatus
784 4153 867 4228 inde
884 4153 1076 4231 sententias
1096 4156 1142 4222 ira
1156 4171 1244 4227 un-

171 4275 338 4369 perivit,
364 4289 407 4348 ut
423 4294 482 4350 ers
500 4272 563 4349 srbi
578 4271 673 4368 quali
692 4275 858 4374 proprias
880 4278 1064 4355 vindicare
1078 4276 1151 4366 jun·
1180 4297 1243 4362 gro·

1040 4407 1175 4479 *titud
