2742 4959
521 623 864 708 Seuero
1111 645 1220 712 exvn

169 797 172 803 ’
239 781 333 864 Nou
355 783 504 882 desunt,
537 788 600 884 qui
617 800 772 886 putent,
804 788 904 864 illum
917 801 961 862 ut
979 786 1017 861 in
1035 785 1213 888 Psalmos,

138 905 199 983 ite
215 903 253 981 ts
272 907 334 983 hie
346 906 384 983 in
399 906 612 1006 Methaeum,
637 909 832 1007 Scriptura
847 905 966 984 sensus
985 928 1030 982 ex
1050 907 1216 1007 Origene

85 1033 88 1078 ³
139 1021 248 1108 fuiss'e
266 1040 482 1122 mutuatum.
538 1029 758 1126 Hieronymi
779 1030 894 1105 verbs
916 1032 977 1106 lib.
1005 1031 1210 1124 descript.

85 1145 87 1154 '
137 1145 233 1224 eeu
248 1147 411 1248 rubigus
421 1147 524 1245 sunt,
549 1172 631 1228 eum
646 1151 774 1227 Hilarii
793 1168 906 1244 opera
922 1149 1112 1225 recensens
1131 1150 1212 1226 haee

134 1265 269 1348 huben
290 1267 379 1364 „Et
395 1270 486 1346 liber
502 1271 741 1365 hymnorum,
768 1270 803 1344 ἂ
827 1269 1076 1363 mysteriorum
1098 1273 1210 1367 alius,

85 1399 87 1484 !
135 1386 175 1467 u
200 1389 451 1466 commentarii
472 1390 511 1466 in
535 1389 755 1476 Methssum',
792 1389 827 1465 ἂ
856 1369 1025 1464 usitatus
1048 1392 1206 1489 indob,

85 1497 87 1512 '
130 1527 234 1610 quot
253 1507 302 1586 de
318 1526 438 1607 graeco
455 1507 627 1608 Origenit
641 1507 834 1586 adsensum
852 1510 1042 1587 transtulit.
1052 1514 1080 1555 ‘⁸
1131 1511 1208 1587 An·

134 1647 224 1726 eene
241 1629 338 1704 enim
352 1625 424 1724 est,
449 1648 495 1705 en
509 1627 607 1706 solos
628 1627 823 1708 usitatus
812 1650 850 1704 sn
863 1629 936 1725 Job
948 1631 1041 1705 velit
1056 1654 1101 1706 ex
1118 1653 1207 1730 grae·

85 1735 89 1886 j
136 1765 184 1827 uo
205 1746 374 1848 Origenis
387 1750 603 1837 translatos,
636 1772 683 1828 sn
703 1752 809 1825 etiam
825 1769 908 1825 cum
926 1752 969 1825 iis
985 1768 1208 1834 commente-

85 1868 264 1946 riorin
280 1869 491 1947 Mrthmum.
542 1867 597 1943 At
614 1871 881 1967 ambiguitatem
897 1869 1090 1966 ipsesolvit
1103 1871 1205 1965 epist.

135 2005 200 2088 75.
205 1986 377 2066 adversus
390 1990 640 2087 vigilantium,
666 2010 776 2082 equo
789 1987 987 2084 accusatus,
1014 1992 1118 2085 quod
1123 1990 1209 2067 Ori

133 2112 236 2213 genie
251 2108 360 2188 leiiio
376 2109 558 2189 famuleris
577 2130 611 2186 er
601 2107 769 2203 uiuet,
796 2129 877 2185 cum
895 2111 1018 2209 primis
1035 2113 1204 2206 reponits

85 2291 87 2322 ;
132 2229 210 2326 „Si
225 2229 301 2306 hoc
319 2233 455 2310 mimeo
472 2228 545 2325 est,
571 2243 739 2329 reguntur
758 2229 792 2304 δι
811 2228 1004 2308 Conlellor
1024 2232 1203 2327 Hilarius,
1239 2219 1242 2228 ’

131 2352 196 2446 qui
209 2348 426 2449 psalmorum
439 2352 778 2452 interpretstionem
793 2350 827 2426 ἀ
845 2350 1009 2434 homilias
1023 2357 1059 2429 in
1070 2354 1142 2448 Job
1155 2374 1203 2430 ex

133 2471 234 2548 libris
258 2472 355 2567 ejus,
391 2470 517 2565 idest,
551 2492 596 2549 ex
611 2492 732 2571 greco
748 2475 786 2548 in
804 2463 954 2550 latinum
969 2472 1161 2548 transtulit.
1173 2471 1202 2515 “
1230 2546 1234 2553 .

134 2587 268 2685 Neque
283 2595 379 2670 euim
394 2594 469 2670 hoe
485 2594 594 2686 loco,
617 2592 661 2667 sd
680 2595 855 2687 maiorem
870 2591 981 2667 causae
999 2592 1066 2666 suae
1080 2590 1204 2666 defen·

131 2708 290 2804 tionem,
316 2712 596 2790 commentarios
615 2713 653 2788 in
673 2711 870 2786 Mathaeum
892 2712 1032 2785 silentio
1057 2727 1203 2803 preter·

131 2828 294 2925 mililiet,
325 2832 353 2910 ll
375 2853 442 2908 eos
465 2834 573 2908 etism
590 2827 794 2909 eredidiiiet
811 2850 859 2906 ex
876 2831 1037 2926 Origene
1053 2831 1202 2905 transla-

85 2963 224 3074 tos·-
254 2950 379 3027 Sed&
400 2952 475 3028 hoc
488 2948 601 3049 ipsum
615 2950 729 3048 magis
745 2964 847 3046 patet
865 2973 911 3027 ex
929 2951 1037 3026 initio
1057 2952 1200 3030 Aoolo·

85 3081 87 3132 !
131 3070 200 3168 giu
210 3053 317 3167 iplius
332 3070 501 3178 sdva
515 3069 713 3166 Ruffiuum,
738 3072 798 3152 uhi
808 3092 1019 3148 enumerans
1029 3074 1199 3162 antiquos

132 3189 301 3291 origenis
316 3193 566 3288 translatores,
592 3191 709 3270 stetim
722 3192 907 3287 profert„
916 3192 1090 3267 Hilarium
1099 3190 1198 3265 Con

130 3309 314 3408 Morem,
341 3334 402 3407 qus
391 3312 648 3410 qudraginta
663 3312 781 3389 ferme.
797 3312 906 3388 millis
928 3310 1094 3387 versuum
1114 3310 1198 3385 Ori·

130 3432 232 3531 genis
245 3434 284 3510 in
304 3431 378 3527 Job
397 3430 602 3510 &Psalmos
621 3431 848 3521 transtulit“
898 3428 1008 3507 Certe
1023 3434 1059 3506 in
1075 3452 1198 3526 prom·

129 3562 197 3648 pto
211 3550 246 3627 ei
267 3554 376 3650 magis
393 3565 473 3628 eret
489 3552 786 3630 commentarium
801 3552 996 3649 integrum,
1019 3574 1124 3646 qnam
1136 3563 1198 3627 tot

130 3665 300 3746 versuum
322 3669 433 3748 millis
456 3670 656 3750 recensere.
725 3669 804 3747 Aut
824 3671 850 3747 st
870 3692 917 3745 ex
941 3692 1094 3747 numero
1114 3691 1197 3745 ver·
1297 3656 1299 3661 ’

127 3787 230 3868 suurn
254 3791 401 3885 putavit
425 3807 548 3889 preter
567 3789 645 3869 iuss
660 3791 801 3885 lovari,
828 3790 952 3885 quidni
969 3815 1015 3867 ex
1033 3794 1196 3870 multitu·

126 3908 214 3986 dine
232 3907 426 4007 Operum?
463 3910 564 4016 Quid
585 3910 687 4007 quod
703 3908 872 4012 Origenis
893 3913 1064 3988 eaustus
1086 3932 1198 4007 expe·

125 4033 291 4110 tentibus
314 4031 390 4108 hoc
410 4029 538 4110 Hilarii
561 4050 655 4128 opus
677 4032 920 4129 promittens,
952 4055 1030 4109 non
1052 4033 1197 4109 mandat

126 4151 301 4254 Origenis
325 4149 508 4232 sententiis
526 4150 725 4251 refertum,
748 4149 810 4231 sed
832 4154 1197 4254 „nensspiritus‘l

569 4389 697 4502 ,¹¹³
