2742 4959
452 645 677 728 bun
723 645 823 728 vll.
932 725 936 740 ,
1103 657 1176 744 187

151 885 154 892 .
180 815 218 888 6.
244 809 448 912 compinge
466 811 573 906 hujus
595 810 713 886 furori
739 810 963 907 presentium
982 811 1175 889 heretico·
1262 877 1266 889 .

105 935 187 993 rum
201 914 378 1006 furorem,
401 926 445 987 ut
456 911 644 988 adversum
654 910 848 989 Srbellium
860 912 925 988 irbi
935 913 1058 990 alunt
1102 899 1175 998 Lel

107 1012 195 1113 giss'e
220 1012 255 1088 se
276 1010 446 1091 afferent:
482 1017 581 1088 Pater
601 1018 706 1110 major
727 1038 777 1085 mr
792 1013 853 1111 ejl3
887 1012 1028 1088 &nihil
1049 1016 1109 1088 vel
1127 1035 1177 1091 ex

107 1114 311 1191 nativitatis
338 1111 587 1209 sacramento,
626 1114 689 1186 vel
707 1135 753 1188 ex
774 1112 948 1208 mysterio
970 1116 1176 1192 evacuatio

106 1213 144 1290 se
164 1215 247 1307 uei,
279 1213 316 1288 dr
333 1212 489 1290 assumto
501 1213 617 1288 carnit
633 1211 902 1312 intelligentes,
927 1229 1066 1289 nature
1088 1215 1177 1290 irci-

106 1329 174 1392 ont
195 1315 470 1392 diminutionem
492 1311 711 1409 proieliione
731 1314 890 1411 majoris.
940 1313 1179 1392 contendent

107 1415 204 1492 enim
222 1412 411 1490 adversum
426 1414 645 1507 sibellium,
668 1413 799 1490 Filium
818 1413 888 1490 elie
902 1435 949 1488 eo
970 1412 1108 1511 us'qire,
1133 1429 1179 1489 ut

108 1516 155 1608 &A
169 1516 290 1592 minor
310 1513 418 1590 Patre
439 1513 503 1610 lit,
539 1526 584 1589 ut
608 1514 644 1588 dn
668 1514 850 1612 honorem
875 1517 1095 1609 preteritum
1121 1535 1180 1591 re·

106 1614 291 1713 poscant,
336 1615 491 1692 &mori
517 1613 669 1710 timent,
707 1613 936 1691 &mortuus
961 1615 1013 1691 stt.
1078 1614 1179 1689 Con·

108 1729 167 1788 tra
199 1737 294 1791 vero
321 1717 383 1798 ille
412 1733 576 1794 naturam
608 1716 674 1789 Dei
708 1713 871 1789 defendit
903 1715 941 1788 in
970 1713 1102 1812 gestis3
1142 1714 1180 1790 dn

109 1835 194 1890 cum
219 1836 331 1894 unum
352 1821 464 1896 Deum
483 1817 634 1892 novella
652 1816 730 1890 baec
750 1835 849 1889 nunc
864 1815 1002 1888 baeresrs
1019 1836 1097 1889 non
1116 1837 1180 1890 ne·

109 1909 224 2011 gabit,
248 1936 297 1990 ne
311 1912 424 1992 filiurn
436 1920 549 1993 Deum
562 1914 709 2005 credam
733 1913 909 1988 sabellius
927 1927 1048 1987 tamen
1068 1921 1180 1992 ileum

109 2034 245 2110 unum,
276 2037 324 2090 ne
341 2013 437 2091 filius
460 2016 614 2091 omnino
632 2013 769 2107 exstet,
802 2013 839 2087 in
860 2012 1076 2108 professione
1096 2015 1182 2086 reti·

109 2116 225 2191 n'ebit.
273 2116 347 2190 Hic
366 2111 479 2192 lilium
503 2126 717 2210 operantem
743 2114 902 2210 ingeret:
935 2113 995 2188 hic
1014 2116 1123 2186 ileum
1140 2114 1181 2189 in

111 2216 284 2307 operibus
298 2213 370 2290 eil'e
383 2215 598 2291 contendet
650 2211 965 2290 Hieunumdicet:
990 2213 1182 2304 lsteunum

112 2317 225 2390 Deum
234 2317 391 2418 negabit.
416 2313 698 2393 Sabelliurl'eitr
706 2313 1016 2400 tuebiturdicense
1039 2314 1181 2408 Opem,

112 2436 192 2508 que
209 2415 307 2512 gestu
325 2415 427 2512 sunt,
458 2429 590 2510 praeter
609 2437 716 2511 quom
733 2417 795 2489 Dei
811 2428 938 2490 nature
953 2436 1032 2491 non
1046 2413 1179 2490 efficit:

111 2531 348 2609 peccatorum
364 2519 541 2612 remiffio,
575 2517 716 2591 curatio
733 2511 1001 2610 infirmitatum,
1034 2514 1184 2590 claudo·

111 2616 349 2711 tumeamus,
376 2638 558 2694 cecorum
572 2617 693 2710 visus,
719 2629 950 2689 mortuorum
965 2617 1044 2690 vite
1061 2637 1082 2687 a
1100 2618 1182 2688 ileo

112 2713 194 2791 solo
212 2716 274 2793 est.
325 2715 418 2792 Non
435 2720 656 2809 alienatum,
684 2734 790 2808 quum
804 2733 882 2808 que
894 2713 945 2786 sui
959 2713 1102 2789 conscia
1116 2711 1184 2808 est,

113 2816 271 2889 diceret:
308 2814 376 2910 Ego
395 2815 436 2894 θ
461 2819 557 2888 farer
576 2814 811 2903 umrrmsrrmrrr.
863 2814 962 2912 Quid
979 2835 1038 2888 me
1052 2814 1089 2885 in
1103 2810 1186 2888 sub·

115 2915 278 2992 stantiam
296 2915 446 2993 alteram
465 2913 589 3011 rapirl
615 2911 715 3013 Quid
733 2913 772 2986 in
792 2914 905 2988 Deum
919 2913 1026 2988 alium
1051 2911 1185 2989 sollici·

115 3011 198 3091 tasi
235 3012 366 3105 Gesta,
398 3035 478 3106 que
500 3013 648 3112 proprie
666 3012 732 3086 Dei
749 3011 850 3106 sunt,
880 3015 975 3088 Deus
992 3033 1084 3088 unue
1104 3013 1184 3089 hec

113 3114 224 3213 geliit.
279 3113 496 3192 clamabunt
513 3134 608 3189 vero
631 3127 763 3190 contra
782 3113 859 3190 brec
886 3113 1080 3192 diflimilem
1103 3117 1183 3188 ileo

114 3216 209 3313 patri
228 3211 342 3290 filium
359 3214 595 3310 predicantes
611 3236 690 3290 non
705 3215 821 3292 rninur
837 3231 905 3290 ore
922 3215 1097 3311 vipereo:
1122 3213 1186 3289 Sa·

115 3330 339 3396 crumentum
364 3313 486 3392 solutio
510 3328 584 3390 tuo
607 3312 742 3408 neseis,
773 3312 973 3390 credendur
996 3314 1048 3391 est
1067 3311 1185 3410 filius,

115 3436 181 3511 per
194 3437 300 3511 quem
314 3413 544 3491 saeculalaria
558 3416 652 3510 sunt,
680 3434 864 3511 perquem
879 3413 1056 3490 formatus
1069 3414 1187 3490 homo

116 3516 189 3609 est,
223 3517 285 3608 qui
303 3535 370 3614 per
384 3515 548 3613 Angelor
566 3517 683 3614 legem
698 3514 819 3610 dedit,
852 3514 972 3607 quide
988 3513 1107 3590 Morio
1125 3535 1190 3588 na·¹

116 3627 177 3688 tur
201 3616 272 3710 est,
306 3619 367 3709 qui
389 3614 509 3691 milior
532 3637 552 3690 e
573 3615 681 3690 Putre
708 3615 779 3710 est,
816 3616 877 3710 qui
897 3611 1089 3691 crucifixus
1111 3612 1188 3708 est,

118 3727 304 3810 mortuus,
338 3716 373 3789 dr
394 3713 553 3812 sepultor
573 3715 646 3809 ost,
682 3717 743 3808 qul
763 3715 808 3790 de
827 3714 982 3792 mortuis
999 3713 1187 3813 resurgens

117 3814 157 3891 in
169 3813 304 3888 dextris
321 3817 383 3890 liei
400 3815 466 3911 est,
492 3815 553 3909 qui
569 3815 745 3890 vivorum
756 3814 868 3914 judex
882 3815 947 3911 est,
974 3815 1192 3892 &mortuo-

117 3935 211 3990 rum.
262 3913 305 3988 In
321 3915 418 3990 hunc
435 3914 694 3992 renascendum
709 3913 781 4011 est,
806 3917 868 3992 hic
881 3913 1111 3993 confitendus
1124 3913 1192 4008 est,

118 4015 228 4113 buius
242 4033 392 4111 regnum
410 4015 461 4091 est
472 4017 765 4111 promerendum.
815 4016 982 4112 Uterque
997 4013 1193 4094 hostieEe·
1270 4105 1275 4116 Ι

119 4115 247 4209 eleum,
275 4135 333 4188 res
350 4111 517 4193 Ecclesrae
532 4118 624 4214 agite
651 4118 736 4193 dum
751 4113 925 4195 sabellius
943 4122 1056 4194 ueum
1071 4137 1117 4193 ex
1128 4136 1191 4190 na·

119 4219 253 4293 turam
272 4218 444 4314 operibus
461 4218 652 4311 predicat,
675 4220 715 4295 hi
736 4239 828 4298 vero
845 4241 892 4297 en
905 4219 1130 4297 sacramento
1147 4212 1190 4293 fl·

121 4314 182 4397 dei
199 4313 437 4400 fideliumllei
453 4313 689 4397 confitentur.
738 4323 743 4334 '

1001 4418 1203 4574 plau¹
