2742 4959
165 685 193 751 x
327 660 364 743 S.
390 664 822 764 Hrnan11‚Prcrsv.
849 666 1071 754 Errscoar

166 831 339 908 comitem
362 827 504 922 synodo
530 845 768 927 preponunt‚
812 854 883 927 qua
907 833 1114 915 homousios

163 950 403 1043 homoeufion,
430 949 787 1028 &dissimilitudinem
805 954 993 1032 damnant:
1021 961 1109 1056 Quo

164 1073 385 1152 contrarium
394 1071 473 1165 ipsis
484 1069 581 1144 sensu
591 1073 812 1150 audientium
821 1074 925 1152 effett
943 1075 1107 1175 ipseEgo

163 1199 245 1274 dam
269 1213 416 1286 eorum,
454 1193 515 1285 qui
529 1191 630 1266 forte
645 1192 690 1266 ad
703 1199 1060 1290 mapertentandurn
1079 1221 1113 1272 a<

162 1333 241 1410 rat,
267 1313 361 1407 quasr
378 1315 547 1412 ignorans
560 1333 679 1389 rerum
699 1313 874 1413 gestarum
887 1333 1113 1415 percontatur

162 1437 247 1536 quid
269 1435 332 1510 srbi
355 1435 470 1508 vellet
492 1431 605 1514 istud,
636 1451 679 1508 ut
701 1439 762 1530 qui
783 1457 890 1514 unam
904 1438 1113 1515 substantias

160 1557 232 1636 effe
249 1579 332 1630 cum
349 1555 454 1630 Patre
473 1551 705 1640 damnassent,
731 1560 792 1634 vel
807 1557 877 1634 esse
892 1559 1010 1636 smilis
1028 1553 1113 1636 subsl

160 1675 402 1776 denegassent,
424 1673 734 1752 dissimilitudinem
748 1679 967 1758 damnarent
1017 1679 1113 1756 Tum

160 1803 231 1890 ait,
257 1795 435 1874 Chrislum
455 1795 541 1870 Deo
559 1796 705 1874 similem
726 1799 900 1896 noneste,
927 1799 986 1877 sed
1003 1802 1111 1877 simile

158 1925 207 1998 tri
221 1917 303 1997 elle.
354 1916 490 1992 Rursus
506 1917 580 1991 hoc
591 1915 776 1992 obscurius
793 1921 879 1996 milri
892 1923 1113 1999 adhucvidel

157 2045 218 2122 De
242 2061 316 2136 quo
338 2060 420 2115 cum
435 2039 566 2112 iterum
579 2037 867 2137 interrogarem,
904 2053 993 2118 tunc
1009 2045 1112 2119 haeci

157 2163 264 2240 cutus
280 2161 347 2236 est:
375 2161 474 2236 Dico
490 2179 572 2236 eum
591 2159 782 2239 dissimilem
799 2161 978 2257 Dedere,
1004 2163 1112 2240 simile

155 2287 203 2362 tri
226 2279 327 2378 posse
341 2279 506 2377 intelligi,
532 2281 614 2372 quia
635 2279 742 2380 Pater
758 2282 929 2358 voluisset
943 2298 1112 2361 creatura:

154 2403 300 2482 usmodi
315 2419 459 2480 creare,
484 2418 563 2491 que
575 2398 698 2476 similia
714 2400 762 2475 sui
779 2403 905 2496 vellet,
933 2403 1112 2482 &idcirce

153 2518 1089 2622 lemratrieffe,·quiavoruntatrselsetpotiusfilius,

153 2646 371 2724 divinitatis:
471 2639 560 2714 Haec
583 2639 730 2714 audiens
755 2641 885 2735 hebui,
920 2667 1040 2740 neque
1058 2670 1111 2724 crs

152 2769 276 2844 donec
289 2787 371 2840 curn
391 2763 536 2857 publice
555 2781 603 2834 ex
619 2759 794 2835 consensu
810 2765 969 2840 omnium
988 2789 1111 2844 eorum

150 2887 330 2966 lenissime
360 2885 465 2975 huius
480 2880 716 2958 similitudinis
733 2883 828 2956 ratio
846 2887 1110 2979 prediceretur.

227 3007 393 3102 Apparet
410 3025 457 3078 ex
470 3003 525 3077 hia
543 3002 666 3075 verbrs
688 3001 863 3079 Hilarium
878 3029 923 3080 ex
942 3008 1079 3084 duabus
1095 3011 1111 3084 s

148 3129 277 3224 nibus,
311 3129 349 3200 in
377 3145 464 3218 quas
485 3121 677 3219 presertim
697 3120 854 3215 synodus
872 3127 1092 3225 discesserat,

149 3261 277 3345 aperte
291 3243 430 3323 savisl'e.
454 3279 508 3300 -
530 3243 710 3318 Miremur
721 3245 842 3340 etiam,
870 3253 1111 3348 quambenigr

147 3371 258 3448 latius
284 3390 365 3444 eum
391 3365 572 3459 excipiet,
609 3365 712 3460 eujus
739 3367 970 3443 aversabatur
996 3370 1110 3445 dodiri

147 3493 330 3586 quemque
345 3489 500 3584 placide,
527 3505 570 3558 ae
581 3483 654 3558 srne
667 3485 740 3559 ulla
753 3485 1014 3583 disceptatione
1023 3492 1110 3587 ipsur

144 3599 260 3688 retice
274 3609 334 3684 sua
351 3605 448 3684 sensa
463 3607 680 3703 pandentem
698 3604 849 3698 audiat;.
862 3631 906 3683 ac
924 3610 1110 3705 deniqueu

146 3747 237 3808 tana
250 3731 366 3806 totius
374 3727 473 3804 seue
481 3722 804 3821 mysteriasolerter
812 3727 1011 3824 expiscatus
1021 3731 1084 3822 esi,

146 3853 275 3946 amice,
296 3870 339 3926 ea
354 3851 450 3924 inter
463 3847 498 3922 se
515 3849 659 3923 minime
670 3851 855 3928 coherere
863 3851 1086 3943 insinuando,

146 3975 192 4049 ad
213 3975 407 4048 veritatem
431 3971 605 4044 reducere
627 3985 794 4046 conetur.
858 3973 955 4068 Quid
980 3976 1110 4049 verod

145 4093 253 4168 animi
273 4094 465 4188 equitate,
490 4113 533 4165 ac
550 4094 788 4186 temperantia
804 4093 977 4187 dicemus,
1005 4115 1085 4187 qua,

144 4215 191 4288 ab
206 4232 284 4292 uno
302 4213 464 4298 audivit,
488 4233 565 4290 non
581 4211 720 4309 statim,
744 4228 787 4289 ut
802 4213 916 4314 vulgo
932 4209 994 4311 sit,
1020 4215 1091 4289 tots

316 4339 319 4346 '
1078 4335 1109 4409 br
