2742 4959
133 184 1299 434 ss

918 435 923 444 ¹
955 433 957 438 Ι
1152 439 1156 450 Ι

98 491 104 506 1

196 645 243 720 16
391 636 655 713 ScHisiiin
687 655 748 710 ne
779 632 1061 713 Triuianr'a

193 819 238 883 nt
254 803 355 880 Deus
370 822 416 876 ex
429 800 598 892 homine,
621 809 665 871 ut
674 799 886 874 immortalia
901 795 1135 896 exmortuo}
1157 818 1200 881 ut
1214 829 1264 884 ae·

196 924 322 982 ternus
349 903 392 976 sit
412 923 458 974 eii
480 899 633 995 sepulto.
699 897 955 974 coexcitamur
973 921 1062 998 ergo
1081 903 1203 981 aDeo
1220 911 1269 988 ia

197 1005 341 1082 Christo
359 1021 423 1096 per
443 1014 599 1074 mortem
618 999 708 1092 ejus.
766 996 838 1073 Sed
861 998 945 1075 dum
966 1003 1002 1073 in
1025 1000 1169 1080 Christo
1182 1011 1266 1102 ple.

195 1107 327 1184 nitudo
343 1101 394 1177 est
413 1101 625 1182 divinitatis,
650 1097 1173 1195 habemus&fignificationem
1187 1109 1267 1186 Dei

197 1209 308 1305 patris
325 1225 395 1276 nos
410 1201 654 1275 coexcitantis
665 1200 703 1272 in
716 1213 880 1292 mortuo,
906 1199 1126 1278 &Christum
1139 1205 1266 1302 Jesuin

197 1328 276 1385 non
289 1304 384 1378 aliud
397 1323 503 1397 quam
514 1300 636 1375 Deum
655 1299 692 1372 in
712 1299 910 1372 divinitatis
926 1302 1150 1395 plenitudine
1169 1327 1268 1386 con·

198 1406 384 1485 sitendiim.
1112 1459 1119 1472 .

280 1528 335 1592 14·
361 1503 401 1575 ln
421 1502 493 1575 hoc
513 1519 602 1598 ergo
618 1499 769 1574 conscio
782 1498 978 1575 securitatis
991 1498 1264 1584 suaeotiomens

198 1609 326 1704 spebus
353 1602 420 1676 suis
439 1604 520 1688 leta
542 1601 794 1693 requieverat:
827 1599 1111 1677 intercessionem
1130 1610 1265 1685 mortis

199 1708 305 1801 hujus
322 1701 433 1796 usque
453 1723 500 1775 eo
521 1722 598 1774 noii
619 1714 804 1793 metuens,
836 1701 999 1774 ucetiam
1020 1717 1206 1799 reputaret
1222 1711 1264 1786 in

198 1811 312 1882 vitam
334 1802 554 1877 aternitatis.
606 1795 730 1874 Vitam
756 1815 874 1874 autern
897 1801 1000 1893 hujus
1020 1807 1187 1899 corporis
1208 1807 1263 1886 sui

192 1927 275 1986 non
294 1903 407 1978 modo
425 1922 504 1975 non
520 1898 705 1976 molestam
716 1899 778 1974 sibi
793 1912 854 1972 aut
867 1921 992 1996 egram
1008 1904 1262 1993 arbitrabatur,

198 2022 241 2083 ut
263 2028 363 2096 eam,
396 2002 495 2093 quod
515 2003 677 2096 pueritie
690 2001 846 2090 litteras,
881 2003 978 2091 quod
999 2006 1098 2100 egris
1114 2008 1263 2082 medici·

198 2129 302 2200 iram,
336 2103 434 2196 quod
450 2103 628 2190 ninii-agis
647 2115 827 2190 natatum,
861 2102 958 2191 quod
974 2102 1264 2184 adolescentibus

198 2205 438 2299 disciplinam,
464 2200 562 2292 quod
579 2201 740 2273 militiam
760 2198 829 2272 eise
844 2200 1008 2275 crederet
1022 2202 1263 2296 imperaturis:

197 2327 318 2382 rerum
340 2301 473 2375 scilicet
491 2297 713 2393 praesentium
735 2300 984 2390 tolerantiam,
1012 2303 1055 2375 ad
1075 2307 1261 2396 premium
1291 2309 1295 2320 “

196 2411 312 2484 beatae
337 2401 613 2476 immortalitatis
638 2394 899 2492 proficientem.
953 2402 1051 2499 Quin
1073 2403 1266 2502 etiamid,

199 2506 298 2599 quod
318 2503 378 2576 sibi
402 2501 590 2590 credebat,
629 2513 747 2572 tamen
765 2518 830 2590 per
850 2499 1080 2576 ministerium
1105 2507 1264 2597 impoliti

199 2603 388 2686 sacerdotii
402 2601 508 2674 etiam
527 2601 663 2672 caeteris
688 2598 920 2694 predicabat,
945 2622 1072 2675 munus
1096 2601 1193 2679 suum
1211 2610 1261 2683 ad

199 2707 356 2785 officium
371 2702 521 2798 publica:
541 2699 658 2772 salutis
671 2697 881 2776 extenderis.

272 2801 333 2896 '¹5·
360 2803 429 2874 Sed
452 2802 546 2873 inter
569 2802 646 2873 haec
672 2796 890 2873 emerserunt
913 2795 1093 2893 desperata
1107 2801 1143 2875 in
1164 2803 1264 2891 sese,

200 2908 343 2985 &seva
362 2905 396 2974 in
421 2922 546 2971 omncs
564 2901 678 2993 impe
703 2902 911 2973 temeritatis
929 2903 1090 2996 ingenia,
1129 2921 1263 2995 poten·

165 3087 169 3092 ,
198 3023 271 3083 tem
290 3004 359 3076 Dei
374 3016 534 3073 naturam
545 3015 680 3070 naturae
690 2997 974 3073 suaeinfirmitate
984 3002 1263 3082 moderantium:

199 3119 372 3198 nequent
395 3098 455 3191 ipsi
475 3096 584 3186 iisque
603 3098 646 3168 ad
668 3094 878 3172 infinitatem
895 3102 1063 3193 opinandi
1081 3103 1125 3174 de
1142 3103 1263 3182 infini-

200 3210 246 3281 tis
266 3207 370 3284 rebus
388 3211 634 3292 emergerent,
661 3196 719 3270 sed
740 3198 831 3269 intra
844 3195 950 3271 finem
967 3199 1082 3275 sensus
1097 3201 1143 3274 sui
1160 3207 1264 3281 inde-

198 3305 299 3380 finita
316 3299 598 3385 concluderent:
633 3295 814 3386 essentque
834 3297 895 3369 irbi
916 3300 1036 3372 arbitri
1052 3303 1261 3400 religionis,

202 3425 281 3479 cum
295 3400 477 3498 religionis
493 3419 584 3490 opus
605 3397 820 3468 obedientiae
833 3396 920 3471 esset
933 3398 1109 3492 officium;
1135 3402 1182 3476 sui
1196 3405 1264 3480 im·

198 3497 401 3593 me'mores,
439 3498 644 3572 divinorum
664 3497 908 3594 negligentes,
942 3516 1207 3597 preceptorum
1227 3529 1266 3582 e·

198 3605 440 3682 mendatorcs.

279 3707 334 3779 16.
361 3700 456 3772 Nam
482 3710 524 3769 ut
550 3696 596 3769 de
618 3696 755 3769 ceteris
783 3698 1034 3773 haereticorum
1060 3700 1261 3778 stultissimis
1292 3739 1297 3756 ·

199 3804 319 3880 studiis
342 3802 478 3890 sileam,
518 3796 562 3869 de
585 3798 712 3886 quibus
729 3813 868 3888 tamen,
905 3799 1013 3872 sicubi
1030 3801 1279 3879 occasionem

200 3902 370 3979 sermonis
384 3901 476 3970 ratio
496 3898 689 3989 praebebit,
713 3917 789 3970 non
809 3896 1023 3989 tacebimus,
1051 3905 1190 3994 quidam
1207 3905 1258 3980 ita

201 4002 417 4098 evangelice
443 3996 525 4069 fidei
550 4010 786 4089 corrumpunt
812 3995 1091 4095 sacramentum,
1128 4016 1170 4073 ut
1196 4002 1260 4077 sub

200 4106 304 4176 nnius
331 4099 400 4172 Dei
426 4097 484 4189 pia
510 4111 646 4168 tantum
660 4095 877 4186 professione
895 4099 1120 4174 nativitatem
1136 4104 1263 4195 unige-

198 4205 264 4277 niti
288 4202 356 4274 Dei
383 4199 579 4291 abnegent:
612 4211 654 4268 iit
679 4196 864 4290 protenso
892 4198 1068 4291 sitpotiiis
1086 4200 1121 4271 in
1142 4201 1262 4274 homi·
1298 4211 1299 4252 l

200 4324 302 4394 nem,
337 4320 443 4395 quarn
467 4294 668 4374 descensio:
701 4315 819 4390 neque
847 4311 889 4373 ut
912 4295 1258 4477 quifiliusshominls
1298 4301 1299 4306 ‘

1101 4419 1207 4478 eculi-
1296 4451 1299 4480 i
