2742 4959
524 555 822 696 Lrssrtl.
1125 631 1200 700 '11

132 794 221 872 ως
249 780 348 873 quod
365 795 484 855 tamen
499 779 650 873 rursum,
678 781 761 854 dum
773 777 892 872 ¹sermo
907 785 1023 870 omnis
1042 807 1085 860 ex
1105 783 1204 860 sensu
1235 873 1237 882 Ι
1291 775 1299 788 “

136 882 205 972 est,
216 879 348 955 'sensus
365 883 426 955 srbi
443 879 516 976 ipse
531 883 701 974 loquatur
714 883 933 979 intelligens:
958 904 1083 956 nonne
1099 883 1221 980 hujus⁴

135 983 246 1076 ipsius
260 983 535 1077 pulchritudinis
552 981 748 1058 Dominum
766 981 905 1070 necesse
926 983 976 1056 est
994 985 1107 1056 totius
1127 987 1204 1078 pul·

137 1083 350 1156 chritudinis
367 1079 436 1155 effe
452 1083 729 1175 pulcherrimum
745 1083 916 1179 intelligi3
950 1096 992 1158 ut
1008 1103 1089 1156 cum
1103 1097 1205 1156 aetet·

137 1183 177 1258 ni
195 1198 343 1255 omatus
364 1182 414 1257 sui
427 1182 563 1275 species
577 1180 711 1258 sensum
724 1183 968 1280 intelligentiae
981 1185 1097 1257 omnis
1115 1182 1220 1256 effu·

134 1281 226 1378 giat,
254 1284 465 1377 opinionem
480 1298 600 1356 tamen
618 1283 860 1378 intelligentia
877 1281 990 1357 sensus
1006 1305 1082 1358 non
1099 1285 1204 1358 telin·

136 1398 226 1475 quat
245 1381 422 1457 ornatus?
447 1381 573 1475 Atque
586 1385 635 1456 ita
651 1382 910 1476 pulcherrimus
926 1382 1023 1455 Deus
1044 1383 1095 1458 est
1114 1404 1204 1458 con·

134 1480 312 1576 fatendus:
346 1497 387 1555 ut
407 1505 526 1574 neque
547 1484 642 1556 intra
664 1482 875 1558 sententiam
895 1483 936 1556 lit
958 1485 1202 1582 intelligendi,

132 1585 256 1680 neque
276 1597 377 1655 extra
398 1585 670 1680 intelligentiam
686 1581 872 1658 sentiendi.

213 1693 246 1764 8.
274 1683 340 1756 His
355 1686 477 1778 itaque
493 1687 559 1778 piae
575 1683 760 1776 opinionis
775 1697 884 1776 atque
899 1681 1066 1756 doslrinae
1081 1683 1201 1758 studiis

137 1783 274 1855 animus
299 1784 479 1872 imbutus,
513 1786 548 1854 in
572 1782 702 1856 secessu
722 1784 877 1875 quodam
900 1805 941 1856 ac
964 1781 1103 1874 specula
1124 1787 1202 1878 pul·

134 1883 322 1956 cherrimae
338 1885 444 1974 hujus
458 1883 641 1956 senteutiae
655 1883 915 1974 requiescebat,
941 1905 1016 1964 non
1037 1881 1098 1954 irbi
1121 1886 1202 1956 reli-

135 1979 232 2056 stum
252 1981 441 2071 quidquam
461 1982 555 2055 aliud
571 1994 732 2055 enatura
746 1981 804 2056 sua
819 1983 1042 2078 intelligens,
1070 1984 1105 2053 in
1126 2005 1201 2072 quo

132 2083 251 2172 majus
269 2078 426 2154 officium
444 2079 813 2177 praestareConditoti
824 2081 1060 2156 suominusve
1071 2073 1203 2184 pollet,

134 2202 246 2276 quarn
271 2195 319 2268 ut,
340 2195 479 2256 tantum
501 2203 583 2256 eum
605 2179 675 2254 elle
705 2183 944 2280 intelligeret,
978 2181 1203 2273 quatenus&

132 2282 288 2376 intelligi
302 2302 379 2388 non
395 2279 536 2376 potest,
572 2280 607 2356 ἀ
623 2281 745 2375 potest
762 2281 879 2358 credi:
904 2281 987 2356 dum
1004 2284 1204 2382 intelligen-

133 2383 222 2456 tiam
247 2383 284 2453 di
298 2377 387 2454 fides
406 2381 469 2468 srbi
484 2380 690 2476 necessariae
703 2385 886 2478 religionis
905 2381 1062 2476 assumit,
1099 2385 1132 2456 ἃ
1151 2386 1202 2456 in·

135 2479 256 2554 finitas
271 2494 414 2554 aetetnae
429 2481 619 2576 potestatis
636 2484 792 2557 excedit.

213 2603 248 2675 9.
275 2581 428 2656 Suberat
446 2579 565 2658 autem
581 2583 813 2656 omnibushis
823 2583 990 2656 naturalis
1000 2582 1116 2654 adhuc
1129 2583 1203 2654 sen-

132 2675 212 2773 sus,
246 2697 287 2752 ut
309 2683 451 2775 pietatis
474 2681 729 2776 profeffionem
750 2680 828 2774 spes
850 2682 966 2770 aliqua
981 2683 1201 2772 incorrupte

132 2779 364 2854 beatitudinis
376 2785 510 2874 aleret,
536 2802 641 2873 quam
655 2778 773 2853 sanila
788 2781 831 2851 de
847 2777 932 2850 Deo
949 2779 1120 2870 opinio&
1136 2780 1202 2852 bo·

131 2883 169 2953 ni
190 2902 312 2956 mores
334 2883 490 2971 quodam
508 2879 665 2954 vitiricis
683 2880 816 2954 militia
830 2877 1008 2972 stipendio
1024 2871 1205 2954 mererenss

132 2993 203 3058 tur.
257 2981 499 3071 Nequeenim
512 2979 647 3053 fruetus
662 2979 787 3072 aliquis
808 2977 917 3073 esset,
945 2982 1037 3052 bene
1058 2981 1103 3053 de
1116 2979 1201 3052 Deo

134 3081 293 3172 opinari:
321 3099 402 3154 com
420 3101 565 3156 omnem
580 3079 716 3154 sensum
731 3100 829 3153 mors
851 3081 1065 3174 perimeret,
1093 3081 1204 3154 &oc-

136 3181 232 3254 casus
252 3181 392 3272 quidam
411 3193 548 3254 naturae
568 3177 767 3254 deficientis
782 3181 957 3255 aboleret.
1009 3179 1128 3253 Porro
1144 3199 1203 3253 au-

134 3289 206 3354 tem
229 3303 304 3354 non
334 3278 405 3354 esse
431 3282 506 3354 hoc
528 3280 672 3380 dignum
700 3282 783 3354 Deo
806 3281 900 3370 ratio
917 3277 987 3372 ipsa
1007 3279 1201 3373 suadebat,

135 3379 318 3454 deduxisse
333 3403 415 3456 eum
432 3383 472 3455 in
490 3381 584 3456 hanc
600 3381 811 3474 participem
834 3380 970 3452 confilii
989 3380 1203 3472 prudentiae·¹

134 3503 204 3572 que
230 3482 343 3554 vitam
366 3481 549 3556 hominem
569 3479 631 3554 sub
655 3479 860 3556 deseslione
879 3478 1030 3553 vivendi
1050 3479 1085 3552 ἃ
1103 3495 1204 3556 aeter·

135 3583 251 3654 nitate
267 3582 464 3696 moriendi:
493 3596 534 3653 ut
551 3583 587 3654 in
603 3581 639 3654 id
657 3596 795 3654 tantum
810 3579 1067 3678 nonexlillens
1083 3579 1204 3655 substi-

135 3695 322 3773 tueretur,
354 3703 401 3755 ne
417 3679 623 3754 substitutus
640 3680 842 3766 exsisteret,
877 3700 959 3753 cum
976 3677 1204 3755 constitutio·

134 3780 338 3855 nisnostrae
358 3805 399 3854 ea
414 3780 489 3856 sola
505 3779 684 3856 effetatio
701 3781 981 3876 intelligeretur,
1015 3795 1075 3871 ut,
1102 3780 1202 3873 quod

87 3969 89 3982 Ι
136 3903 212 3956 non
235 3880 335 3974 esset,
362 3880 432 3956 else
448 3879 621 3976 caepisset,
647 3902 725 3954 non
748 3897 803 3975 ut,
829 3883 928 3974 quod
949 3877 1202 3977 coepiffetelse,

136 4003 215 4060 non
233 3979 332 4055 ellet.

87 4091 90 4096 '
218 4103 273 4157 ιο.
298 4081 527 4176 Fatigabatur
545 4095 664 4153 autem
682 4079 839 4166 animus,
865 4082 993 4173 partim
1013 4080 1098 4173 suo,
1124 4099 1203 4172 par-

135 4184 200 4264 tim
217 4183 386 4278 corporis
402 4195 511 4262 metu.
566 4180 637 4276 Qui
660 4201 739 4250 curn
755 4179 1019 4254 &constantem
1035 4179 1202 4252 sententi-

134 4281 294 4386 amulam
308 4283 449 4360 deDeo
458 4281 516 4375 pia
526 4279 744 4378 ptosclliotre
755 4282 943 4376 retineret,
971 4279 1206 4456 &sometim

1133 4404 1153 4456 e
