2742 4959
149 445 155 462 .

190 641 307 716 survi
525 635 561 713 8.
610 633 917 714 H‘1tanrr

139 841 142 846 ·
223 797 228 806 '
289 795 659 893 Morteinterceptus
677 796 1254 878 PithoeusNicolaoFabroeden·

193 928 300 1017 dum,
332 918 430 1016 quod
449 932 660 1006 curaverat,
685 939 778 1011 opus
798 919 964 1012 reliquit,
990 913 1049 1012 qui
1067 921 1251 998 clarislimo

192 1040 488 1122 &celeberrimo
514 1038 597 1113 viro
612 1038 755 1134 Jacobo
773 1036 937 1137 Augusto
953 1037 1111 1114 Theano
1130 1042 1254 1136 presa·

191 1165 296 1243 none
324 1157 567 1250 eruditissima,
603 1178 673 1251 qua
702 1158 901 1254 fragmenta
926 1160 1002 1234 hae'c
1033 1177 1253 1259 ornaverat,

193 1283 362 1375 inscripta
378 1276 645 1364 datamPitlioeo
658 1274 765 1351 sidem
777 1278 959 1376 liberavit,
985 1287 1257 1378 acopuspubli·

193 1405 294 1480 cavit
312 1418 408 1475 anno
426 1406 530 1493 1598.
553 1469 557 1474 .

293 1520 440 1594 Summo
457 1518 526 1592 suit
539 1521 698 1594 omnium
716 1513 838 1613 plausu
852 1532 1043 1611 exceptum
1063 1517 1254 1616 hocopus.

192 1619 294 1722 Nulli
310 1641 447 1734 palam,
474 1637 572 1729 quod
593 1633 743 1733 sciatur,
768 1650 888 1712 totum
909 1639 1132 1732 respuerunt,
1160 1642 1255 1733 quali

191 1762 334 1838 Hilario
352 1760 444 1833 male
460 1756 690 1851 adscriptum:
727 1757 775 1864 de
788 1760 881 1833 illius
897 1772 1017 1832 tamen
1033 1759 1255 1835 authoritate

192 1880 423 1957 subdubitare
438 1863 602 1951 nonnulli
615 1879 806 1953 videntur:
831 1876 1021 1973 presertim
1031 1877 1129 1970 quod
1138 1880 1257 1972 primo

194 1999 344 2101 epistola
361 1998 488 2091 synodi
505 1996 715 2073 Sardicensrs
737 1999 781 2074 ad
795 1996 976 2074 universas
993 1995 1167 2072 Ecclesiae
1190 1999 1259 2074 sra-

193 2133 342 2220 gmento
369 2115 413 2192 ll.
439 2131 615 2193 contenta
633 2118 667 2192 dr
682 2117 915 2193 Ariminenlis
929 2117 1078 2192 concilii
1098 2117 1142 2191 ad
1161 2114 1260 2191 Con·

195 2240 362 2316 stantium
376 2238 526 2320 lit-tere,
552 2258 630 2331 quae
644 2241 791 2333 primam
808 2240 995 2336 fragmenti
1010 2236 1107 2310 Vlll.
1121 2251 1260 2330 purtem

196 2356 421 2450 conficiunt,
449 2377 531 2430 corn
555 2360 665 2432 latine
681 2358 818 2450 scripte
827 2360 922 2449 lint,
947 2357 1056 2453 longe
1073 2370 1193 2430 tamen
1204 2378 1262 2431 ca·

193 2479 416 2578 stigatiores,
450 2477 653 2572 pleniores,
691 2500 733 2551 ac
748 2492 876 2554 mutuo
896 2477 1149 2552 sententiarum
1163 2499 1261 2550 nexu

195 2597 435 2697 elegantiores
451 2598 488 2670 in
503 2600 625 2692 graecis
641 2599 928 2690 exemplaribus,
955 2615 1058 2686 quam
1072 2596 1108 2670 in
1124 2596 1178 2671 his
1192 2601 1261 2671 sra-

195 2719 349 2818 g'mentis
365 2720 609 2811 reperiantur:
635 2716 766 2791 deinde
787 2714 887 2808 quod
903 2717 968 2789 alia
984 2716 1025 2789 sit
1042 2718 1135 2790 libro
1151 2717 1196 2791 de
1209 2718 1261 2809 sy-

194 2841 301 2916 nodis
333 2846 365 2930 §.
388 2861 444 2928 34.
472 2840 538 2911 alia
562 2836 766 2934 fragmento
783 2835 843 2911 ΙΙΙ.
862 2842 896 2930 §.
917 2858 974 2929 29.
989 2834 1123 2929 pseudo
1146 2835 1262 2910 Sardi·

196 2959 308 3030 oensrs
335 2955 464 3047 synodi
481 2959 680 3031 translatio.
742 2956 874 3031 Tertio
898 2976 977 3029 curn
998 2978 1043 3031 eo
1064 2974 1260 3052 tempore,

198 3095 272 3169 quo
289 3075 350 3147 fibi
368 3072 551 3147 restitutus
568 3074 735 3148 Liberius
750 3073 916 3149 Ecclesiae
926 3073 1032 3151 fidem
1049 3077 1190 3173 egregie
1206 3092 1262 3151 tu·

196 3207 341 3288 cretur,
374 3196 448 3268 hoc
470 3213 562 3288 opus
581 3192 748 3287 scriptum
768 3193 868 3269 fuisse
887 3194 1027 3270 necesse
1050 3195 1112 3285 stt,
1146 3196 1262 3269 incre·

197 3315 308 3388 sibile
334 3313 495 3398 videtur,
529 3327 570 3386 ut
592 3318 625 3387 ei
642 3317 713 3407 J'am
734 3314 900 3389 correcto
917 3316 1027 3390 immo
1043 3314 1148 3387 etiam
1166 3335 1263 3386 acer-

196 3434 290 3556 'ri'mo
305 3433 388 3507 fidei
405 3447 585 3527 patrono,
612 3447 671 3507 tot
688 3436 915 3524 anathemata
930 3433 1018 3528 srag.
1034 3432 1099 3505 Vl.
1115 3438 1147 3525 §.
1162 3437 1196 3508 ό.
1212 3434 1263 3507 di-

198 3568 302 3628 ceret
323 3550 499 3646 Hilarius,
537 3557 596 3648 qui
614 3554 860 3629 Orientalibus
881 3554 1033 3628 necdum
1048 3550 1144 3627 reue
1160 3553 1264 3627 senti·

198 3673 363 3760 entibus,-
391 3676 601 3763 qniatamen
616 3673 660 3745 ad
672 3676 862 3750 veritatem
871 3676 1018 3769 propius
1032 3674 1263 3770 accederent,

199 3792 297 3868 libro
326 3792 370 3863 de
393 3792 536 3884 synodis
562 3799 612 3868 ita
626 3796 811 3890 pepercit,
837 3808 879 3869 ut
892 3814 960 3868 nec
977 3793 1098 3866 laudes
1113 3798 1264 3891 negarit.

199 3907 374 3987 Deterret
399 3930 570 4007 praeterea
590 3914 792 3990 monstrosa
815 3914 971 4008 quedam
994 3934 1113 3990 rerum
1133 3917 1265 4007 facies,

94 4085 97 4089 -
202 4029 474 4125 cinsentuna,
501 4034 722 4129 confusaque
739 4036 916 4109 variarum
933 4035 1160 4129 epistolarum
1178 4056 1265 4108 con·

201 4141 339 4255 g'eries,
375 4151 515 4227 Hilario
541 4153 624 4227 alias
643 4168 755 4229 tanto·
769 4175 850 4231 cum
872 4156 999 4230 ordine
1017 4156 1149 4252 smgula
1166 4177 1267 4228 enar·

200 4287 304 4349 rante
319 4272 472 4373 indigna.
522 4273 825 4372 Angitdeniqu'e,
852 4278 951 4369 quod
967 4277 1086 4352 omnia
1103 4274 1179 4345 hac
1196 4274 1266 4349 fra·

1071 4410 1217 4498 gmenta
