2742 4959
136 184 931 482 u
1286 184 1299 472 Ι

182 617 263 710 '184
391 611 427 688 S.
456 611 664 716 Hrusnlr
683 632 742 688 ns
773 605 1048 688 Tarurrrrs

187 796 302 850 verus
319 771 414 850 lilius
429 777 520 868 erit,
545 775 607 848 nifi
628 794 738 848 verus
756 772 790 847 ἃ
807 775 901 848 lleus
914 771 986 865 est3
1012 795 1130 869 neque
1147 798 1291 874 verus„

186 879 309 969 Deus,
334 875 397 950 nifi
413 897 520 948 verus
541 871 685 950 &lilius
704 871 765 948 est.

193 1037 197 1046 .
269 999 302 1069 3.
328 977 431 1050 Nihil
446 975 609 1050 humanae
624 987 760 1047 naturae
779 975 923 1070 gravius
938 974 989 1048 est
1007 975 1156 1068 periculi
1170 999 1262 1053 con·

187 1073 355 1152 scientia:
389 1096 469 1148 narn
495 1097 559 1165 ea,
596 1094 674 1166 quae
690 1087 751 1146 aut
765 1074 950 1171 ignorata,
988 1089 1050 1148 aut
1069 1081 1261 1168 repentina

189 1175 287 1268 sunt,
314 1176 596 1266 habentquidern
607 1173 839 1248 miserabilem
849 1172 1088 1264 securitatem,
1116 1175 1262 1256 sednon

189 1277 329 1353 habent
344 1291 479 1349 metum
496 1275 626 1348 futuri:
660 1276 835 1364 quianon
851 1275 977 1370 ignaro
996 1275 1262 1374 accidentium,

190 1377 355 1460 anxietas
373 1373 444 1466 ipsa
459 1374 739 1467 poenapatiendi
761 1371 821 1447 est.
880 1373 971 1447 Non
988 1397 1059 1471 ego
1084 1398 1179 1450 nunc
1198 1401 1261 1452 na·
1291 1391 1294 1400 '

189 1497 279 1550 vern
296 1497 316 1547 e
331 1490 443 1568 portu
457 1473 566 1547 solvo
584 1473 757 1570 naufragii
776 1475 933 1570 ignarus,
958 1497 1077 1564 neque
1090 1477 1157 1548 iter
1169 1481 1260 1550 ineo

187 1573 342 1662 infestos
367 1573 504 1648 nescius
520 1574 722 1648 latronibus
738 1573 864 1665 saltus,
900 1595 968 1646 nec
985 1574 1110 1666 Lybiae
1131 1596 1259 1652 arenas

188 1677 351 1752 incertus
365 1673 576 1767 scorpiones
592 1675 747 1766 ubique,
783 1673 987 1766 staffines,
1022 1676 1056 1746 ἀ
1078 1674 1261 1750 basiliscos

187 1774 309 1852 adelie
324 1789 552 1848 transcurro:
578 1775 671 1866 nihil,
680 1772 911 1848 sollicitudini
931 1796 1040 1867 mere,
1067 1776 1153 1848 nihil
1173 1798 1271 1860 con·⁸

187 1873 348 1952 scientiae
366 1886 486 1948 vacat.
536 1871 610 1946 Sub
629 1873 770 1969 specula
789 1875 883 1948 enirn
897 1878 1056 1948 omnium
1070 1877 1261 1950 haeretico·

134 2061 147 2080 υ
188 1995 271 2050 rum
288 1976 331 2050 ad
351 1972 559 2050 oecasronea
576 1974 794 2072 [iugulorum
814 1976 1012 2049 verborum
1030 1975 1066 2046 in
1082 1997 1124 2048 os
1138 1999 1261 2052 rneurn

187 2075 427 2174 pendentium
448 2075 608 2168 loquor,
640 2072 803 2148 &omne
825 2073 995 2148 sermonis
1020 2075 1090 2149 mei
1108 2077 1177 2148 iter
1197 2091 1264 2149 aut

189 2175 359 2273 angustiis
377 2190 610 2268 proruptum,
636 2190 698 2247 aut
718 2175 839 2249 foveis
856 2173 1017 2255 incisum,
1043 2189 1105 2246 aut
1121 2178 1260 2267 laqueis

188 2274 401 2374 protensum
421 2273 483 2349 est.
534 2273 611 2368 Jam
627 2275 726 2365 quod
742 2273 889 2348 arduum
904 2295 945 2346 at
960 2271 1101 2346 difficile
1116 2275 1170 2369 sit,
1197 2278 1269 2352 mi·.

186 2394 487 2466 nuseonqueror.
527 2372 712 2446 Noumeis
723 2375 829 2462 enirn,
845 2372 1116 2466 sedapostolicis
1127 2375 1262 2448 scando

187 2475 369 2573 gradibus.
424 2471 518 2546 Mihi
545 2493 636 2562 vero
654 2488 717 2543 aut
731 2473 895 2568 angustiis
915 2474 1109 2565 decedere,
1146 2493 1207 2547 atu
1223 2478 1261 2549 in

189 2574 328 2650 defolia
347 2575 528 2663 incidere,
555 2587 617 2646 aut
632 2573 744 2668 plagis
759 2574 962 2664 illaqueari,
990 2572 1177 2664 senueris
1198 2599 1261 2669 pe·

187 2677 323 2766 riculo,
350 2674 486 2768 semper
504 2675 539 2746 in
554 2689 651 2746 metu
664 2673 726 2746 est.
776 2673 1017 2745 Praedieaturo
1033 2677 1125 2748 euim
1138 2675 1260 2748 secun·

188 2776 274 2850 dum
295 2778 424 2870 legem,
451 2777 484 2846 dt
502 2775 714 2866 prophetas,
743 2772 994 2864 &Apostolos
1009 2795 1117 2848 unum
1134 2779 1261 2868 ileum,

188 2874 288 2948 adest
306 2876 390 2948 milri
409 2875 604 2964 sabellius,
632 2889 752 2947 totum
771 2894 829 2947 me
848 2871 908 2945 sub
925 2876 1027 2947 verbi
1051 2877 1155 2965 hujus
1174 2898 1258 2967 pro-

185 2975 337 3050 fessione
354 2991 530 3065 tamquam
552 2973 786 3046 desideratum
806 2973 924 3046 cibum
942 2973 1059 3046 morsu
1076 2977 1260 3048 savillirno

184 3089 438 3148 transvorans.
489 3072 693 3166 Negantenr
706 3073 1258 3150 merursunreontraSabellium

185 3195 297 3250 unum
319 3176 443 3264 ileum,
470 3168 757 3245 &confitentem
775 3190 901 3246 verum
921 3177 1031 3249 Deum
1053 3178 1110 3248 llei
1129 3175 1271 3266 iiliuru,¹

185 3270 368 3364 exspectat
395 3294 496 3346 nova
520 3271 697 3363 haeresrs,'
715 3287 757 3344 ut
783 3293 803 3344 a
826 3295 882 3346 me
909 3274 999 3345 duos
1021 3279 1115 3345 Deos
1133 3291 1256 3366 arguat

183 3373 382 3470 praedicari.
433 3370 570 3446 Natum
599 3392 745 3462 quoque
774 3373 834 3445 llei
858 3369 968 3448 filium
993 3396 1037 3445 ex
1064 3373 1178 3444 Maria
1203 3372 1256 3442 di·

186 3471 312 3565 dluro,
341 3472 510 3562 Hebion,
538 3470 635 3563 quod
654 3470 705 3546 est
723 3470 919 3565 Photinus,
948 3471 1074 3560 albstit,
1103 3467 1256 3543 aulluri·

184 3585 297 3648 tatem
314 3573 489 3666 mendaeii
509 3570 559 3644 sui
582 3594 627 3644 ex
646 3570 873 3666 profeffionis
891 3572 1045 3644 veritate
1065 3568 1255 3645 sumturus.

182 3675 237 3745 De
257 3675 393 3745 caeteris
413 3687 542 3763 taceo,
577 3674 635 3764 qui
652 3675 696 3745 ab
718 3675 882 3744 omnibus
902 3668 970 3744 elle
986 3682 1086 3743 extra
1104 3668 1256 3745 Ecclesi-

181 3795 241 3848 am
262 3792 339 3846 non
358 3773 581 3868 ignorantur.
634 3771 720 3846 Hoc
741 3791 833 3845 vero
853 3771 1077 3857 damnatum,
1106 3772 1137 3844 ἃ
1161 3773 1257 3863 abje-

182 3872 279 3948 dlum
297 3873 385 3945 licet
405 3872 635 3965 frequenter,
663 3870 724 3945 sed
739 3872 916 3954 internum
933 3870 1043 3944 hodie
1059 3872 1255 3944 adlurcma-

179 3978 255 4050 lum
283 3971 344 4046 est.
407 3973 518 4065 impie
546 3974 680 4045 multos
709 3973 752 4044 ad
783 3971 893 4064 unius¹
911 3972 971 4043 llei
997 3973 1255 4064 prulellionem

181 4072 499 4147 Galerianutrivit.
551 4072 1131 4162 Malumintotunrpaeneorben,
1160 4093 1252 4163 quos

178 4187 290 4270 negat
306 4172 397 4244 duos
418 4176 534 4262 Deos,
562 4170 778 4244 Alexandria
797 4172 961 4263 protulit.
1013 4172 1180 4245 Pestifere
1193 4192 1252 4242 na-

173 4287 253 4353 turn
264 4271 390 4372 Jesum
413 4272 590 4352 Christum
605 4294 650 4349 ex
668 4270 785 4346 Maria
802 4268 991 4348 Pannonia
1005 4273 1175 4444 desciuit.
1202 4267 1251 4344 Et

1104 4391 1195 4443 ete·
