2742 4959
134 601 294 708 'nvrrr
530 592 934 717 &lirnium
1012 661 1020 692 r

196 808 266 870 nur
286 805 335 862 ex
354 782 494 861 Arene
516 780 661 879 synodo
682 808 739 866 an.
756 809 868 883 354,
895 784 957 864 sed
974 785 1009 862 dr
1024 808 1071 865 ex
1086 785 1267 869 Medioh·

195 908 297 987 nonii
311 927 368 984 ro.
387 925 471 1008 355.
519 901 695 983 Eusebius
714 930 756 984 ec
773 908 968 1004 Dionyfius
981 910 1018 986 iu
1035 910 1181 987 euriium
1194 913 1268 1007 eje.

195 1027 244 1106 eu·
262 1042 473 1117 narrantum
498 1047 618 1121 neque
633 1029 740 1104 etiem
755 1030 919 1130 primam,
947 1049 1016 1122 qur
1035 1033 1265 1129 egregiorum

194 1145 422 1228 sacerdotum
447 1148 492 1222 ab
517 1150 628 1224 exilio
654 1148 1024 1249 reditur.suppiiciter
1049 1150 1265 1248 postuletur.

195 1270 288 1350 Non
306 1270 400 1345 enim
415 1282 499 1343 ante
511 1267 694 1361 predium
706 1271 867 1365 synodos
881 1269 1107 1349 secerdotum
1120 1270 1265 1355 suorum

127 1416 130 1425 ·
192 1393 303 1467 exilia
320 1389 430 1463 novit
453 1385 659 1480 Occidenr3
696 1390 798 1485 cujus
817 1389 1011 1485 presertim
1038 1392 1139 1468 maiis
1163 1393 1263 1470 Hria·

191 1514 287 1588 rium
303 1512 362 1586 hic
377 1511 604 1586 commoveri
618 1509 697 1602 quis
709 1510 1027 1590 noneffentiaturi
1053 1512 1186 1607 Neque
1200 1514 1266 1589 rni-

189 1652 262 1712 nus
278 1630 437 1720 constat,
462 1631 560 1706 hunc
577 1632 737 1706 libellum
753 1633 798 1708 rb
817 1652 865 1707 eo
886 1648 970 1708 ante
991 1634 1139 1711 exilium
1156 1633 1263 1728 ipsius

192 1750 366 1847 scripturn
384 1750 466 1828 eiie.
524 1749 619 1828 Nem
636 1764 872 1845 preterquam
891 1754 991 1848 quod
1014 1755 1051 1828 in
1071 1753 1136 1849 iis,
1170 1774 1264 1848 quor

109 1947 112 1954 ,
189 1874 281 1951 exul
297 1869 451 1966 scripsit,
476 1868 796 1948 recerenonsolet
810 1875 977 1966 exilium,
1000 1886 1103 1950 certe
1118 1893 1197 1951 non
1214 1874 1264 1951 sn·

187 1996 241 2071 cir
257 1994 412 2068 idoneus
424 1990 527 2087 eiset,
550 1990 793 2089 proeliorum
814 1996 859 2068 eb
878 1996 990 2070 exilio
1008 1994 1126 2071 reditu
1136 1995 1263 2089 depre-

191 2130 321 2208 ector,
354 2113 427 2208 ipse
444 2116 540 2192 exui.
592 2111 685 2190 Cum
704 2123 824 2190 ruteni
837 2113 900 2190 sub
919 2120 1001 2192 anni
1023 2103 1106 2211 356.
1120 2115 1263 2211 initium

183 2239 371 2336 relegatus
393 2233 455 2328 sit,
488 2233 533 2309 ed
550 2231 697 2310 Beronii
718 2231 929 2315 sententiam
950 2235 1002 2313 est
1024 2234 1260 2315 redeundum.

458 2356 510 2428 Ad
527 2353 747 2450 Constantium
764 2359 844 2449 Aug.
862 2354 920 2431 iii.
942 2360 988 2433 ΙΙ.

290 2476 364 2553 Hic
379 2473 430 2549 est
445 2473 588 2550 libellus
603 2473 678 2565 iile,
692 2494 812 2565 .queur
824 2475 998 2569 Hilarius,
1024 2475 1258 2571 Hieronymo

186 2591 1261 2693 teste,ConstantinopoliversarurConstantioipsetradidic.

187 2722 273 2801 Huc
289 2714 1002 2814 enimSeleuciesynodilegatossecutus,
1029 2717 1258 2813 ursulpicius

186 2842 317 2919 Seuer.
332 2839 507 2931 loquitur,
524 2838 588 2910 ubi
595 2850 796 2913 extremum
804 2834 889 2913 fidei
894 2838 1093 2934 periculum
1103 2840 1257 2914 animad-

185 2956 1259 3054 vertit,audientiamregispoposcit‚utdefidecoramdispu·

185 3096 294 3163 teret.
345 3079 386 3154 ld
399 3081 436 3153 in
451 3078 717 3153 hunciibellun
730 3079 884 3153 maxime
893 3085 1108 3176 convenire,
1134 3081 1258 3159 velex

175 3207 296 3285 -tirulo
307 3202 345 3276 in
360 3199 525 3276 omnibus
545 3197 617 3272 Ms.
633 3210 838 3292 prenotato
855 3196 1080 3290 perspicuum
1093 3198 1156 3279 est.

287 3323 444 3399 Oblatur
463 3316 515 3392 est
534 3330 654 3390 autem
668 3315 730 3391 sub
746 3318 805 3390 iirr
814 3316 960 3409 famosa,
994 3316 1077 3392 dum
1097 3321 1155 3395 uri
1174 3319 1254 3400 sub·

185 3444 323 3526 strntiae
339 3462 475 3518 nomen
491 3439 732 3528 retinendum,
759 3436 1063 3529 eliirejiciendum
1079 3435 1150 3512 effe
1164 3457 1254 3514 con·

183 3566 400 3651 tenderent3
430 3560 493 3653 sui
505 3561 619 3656 synodo
634 3555 818 3653 diffidenti,
850 3554 1254 3655 Constantinopolitano

177 3684 339 3780 scilicet,
373 3705 451 3777 quae
475 3688 552 3757 non
569 3681 685 3756 minus
705 3678 797 3773 fide,
834 3698 939 3770 quem
958 3678 1109 3773 privetis
1128 3683 1252 3778 jurgiis

182 3808 302 3882 variar
326 3808 364 3881 in
385 3821 506 3899 partes
522 3801 768 3878 scindebatur:
803 3798 1028 3903 proindeque
1050 3823 1148 3877 enno
1168 3806 1251 3897 360.

179 3927 350 4020 ineunte,
378 3945 451 4017 quo
471 3925 547 3999 hec
562 3922 721 4020 synodus
737 3922 917 4014 celebrere
931 3918 992 3999 est.

279 4044 382 4125 Libri
394 4043 470 4120 haec
487 4041 539 4118 est
555 4042 726 4140 synopis.
776 4041 819 4118 In
833 4042 910 4137 ejus
929 4043 1250 4144 erordioHiiariur

178 4165 216 4247 se
231 4170 373 4245 exulem
393 4164 572 4244 confeiiur
589 4165 703 4261 petit,
735 4176 778 4237 ut
789 4161 1020 4241 Saturninum
1038 4166 1249 4261 presentem

178 4307 296 4389 unque
323 4287 368 4368 ed
391 4286 648 4370 conieffiouem
675 4283 876 4384 falsorum,
916 4308 994 4384 que
1015 4286 1053 4363 in
1077 4304 1120 4359 er
1146 4283 1250 4367 cause
1280 4351 1299 4428 'i

1079 4408 1198 4506 gestit,

576 4647 662 4665 *a
