2742 4959
515 611 858 696 Lrarn.VL
1150 639 1226 717 uz

137 783 243 874 hoc,
268 779 434 873 aquibus
452 779 513 856 hic
528 778 591 854 Dei
610 773 704 853 silius
720 779 793 872 jam
809 789 982 878 negatur,
1009 781 1054 858 ab
1068 780 1124 859 his
1139 796 1220 864 tum

145 879 315 958 Christus·
327 883 388 955 isle
405 879 583 955 credatur.
1035 920 1037 926 ,
1200 963 1207 986 ι

226 1005 287 1075 47.
310 984 431 1078 Quas,
458 1001 544 1072 oro,
569 976 775 1074 spesinanis
792 977 1075 1074 furorexpetisi
1103 983 1220 1077 &qua¹

85 1087 100 1156 s
146 1084 266 1159 salutis
286 1095 365 1172 ,tuae
390 1077 522 1154 fiducia
547 1093 747 1153 creaturam
770 1077 840 1154 esse
862 1078 1038 1155 Christum
1067 1089 1216 1178 potius,

85 1175 99 1254 s·
146 1203 253 1276 quam
270 1177 381 1256 filium
399 1181 610 1273 blasphemo
629 1199 695 1252 ore
716 1177 936 1254 contendis?
962 1177 1216 1284 Opp'ortuerat

146 1297 186 1357 te
213 1303 259 1355 ex
282 1280 489 1376 Evangeliis
514 1277 634 1372 noss'e,
669 1299 711 1350 ac
734 1293 861 1352 tenere
878 1277 1086 1373 fidei'hujus
1104 1282 1216 1358 sacra-

85 1379 90 1470 ἶζ
144 1398 318 1459 mentum.
377 1379 472 1453 Nam
495 1385 576 1452 cuin
604 1379 775 1452 Dominus
795 1379 1057 1473 poshtomnia‚
1093 1398 1215 1459 tamen

85 1489 88 1516 ²
147 1484 185 1556 in
210 1502 435 1572 unoquoque
458 1500 605 1570 eorum,
643 1478 703 1570 qui
730 1481 884 1553 orabant
902 1482 1125 1572 operationis
1145 1482 1215 1556 suaa

140 1581 335 1671 'effessum
376 1581 541 1654 meritum
560 1575 630 1652 esse
651 1579 774 1664 voluit
787 1578 1029 1665 consessionis.
1080 1581 1216 1674 Neque

141 1681 292 1756 enimes
316 1682 502 1773 virtutem,
529 1681 588 1772 qui
606 1679 666 1752 Dei
682 1679 810 1753 Virtus
833 1678 897 1770 est,
922 1679 1095 1755 coufeffio
1109 1702 1217 1756 oran.

85 1787 88 1792 '
141 1784 193 1854 tis
227 1780 397 1852 addebat:
434 1777 495 1852 sed
518 1776 600 1853 fidei
634 1791 711 1854 erat
733 1782 935 1872 premium,
971 1781 1046 1853 hoc
1071 1783 1215 1859 mereri.

147 1881 315 1968 Namque
337 1898 419 1950 curn
443 1879 624 1951 Martham
649 1896 837 1972 rogantem
858 1898 926 1972 pro
946 1879 1084 1952 Lazaro
1106 1882 1218 1955 inter·

146 1977 315 2072 rogavit,
349 1996 503 2068 aneos,
539 1981 599 2067 qui
620 1980 657 2050 in
681 1976 716 2050 se
735 1973 983 2069 credidissent,
1022 1980 1114 2051 moni
1136 2001 1216 2058 non

148 2077 316 2150 crederet
339 2075 376 2149 in
401 2081 596 2169 eternum,
629 2089 666 2149 at
690 2076 750 2150 illa
770 2073 999 2150 conscientie
1017 2075 1085 2151 suae
1107 2076 1217 2158 sideru

149 2180 297 2250 elocuta
310 2172 362 2248 est
384 2174 527 2251 dicens:
566 2179 701 2276 Utique,
729 2181 884 2265 Domine,
910 2202 960 2272 ego
977 2180 1125 2270 credidi,⁸
1140 2183 1217 2275 quia

149 2294 190 2349 ru
211 2302 242 2346 cs
265 2276 405 2373 Christus
420 2279 516 2366 fissus
536 2280 621 2370 Dei,
656 2283 772 2374 quiin
793 2277 880 2348 hum
909 2280 1059 2350 mnndum
1083 2279 1217 2377 uenisti.

147 2375 332 2450 Confessio
347 2377 423 2449 haec
439 2378 618 2450 aetemitds
636 2376 701 2468 est,
728 2371 865 2451 &fides
878 2375 940 2452 ista
956 2400 1032 2452 non
1047 2380 1217 2459 moritur.

147 2477 293 2550 Martha
313 2476 506 2569 deprecans
521 2475 640 2551 fratris
658 2476 708 2550 sui
729 2478 863 2572 vitam,
898 2480 1140 2574 interrogata,
1168 2502 1216 2558 art

150 2578 199 2650 ita
222 2577 406 2667 crederet,
442 2579 492 2649 ita
508 2579 670 2652 credidit.
722 2580 839 2672 Quam
858 2598 974 2673 rogo,
1014 2581 1074 2650 vel
1094 2600 1114 2650 a
1138 2600 1215 2671 quo

148 2677 262 2749 vitam
279 2675 478 2768 exspeuat,
506 2677 578 2748 hoc
598 2678 797 2768 denegans,
825 2696 907 2749 cum
928 2676 1001 2747 sola
1018 2677 1058 2750 ht
1074 2677 1149 2750 vita
1166 2679 1216 2753 stc

148 2774 325 2848 credere?
354 2775 526 2868 Magnum
542 2773 594 2846 est
609 2776 704 2846 euim
720 2769 804 2845 fidei
825 2775 929 2866 hujus
944 2773 1215 2874 sacramentum,

147 2875 184 2947 u
199 2868 357 2966 perfetta
369 2871 597 2965 confessionis
611 2871 708 2946 istius
723 2873 913 2946 beatitudo
931 2873 993 2950 est„

224 2983 283 3063 43.
311 2969 419 3044 Caeco
437 2992 456 3043 a
473 2972 666 3044 nativitate
685 2971 855 3047 Dominus
876 2972 988 3048 visum
1008 2973 1218 3073 indulserat,

149 3073 343 3147 &naturae
371 3069 538 3146 damnum
557 3085 691 3146 naturae
716 3073 889 3147 Dominus
910 3090 1104 3151 exemerat.
1163 3077 1215 3153 Et

147 3175 231 3264 quia
255 3191 370 3245 caecus
393 3171 454 3244 hic
476 3171 520 3244 ad
538 3173 689 3269 gloriam
713 3173 775 3244 Dei
802 3183 905 3247 natus
929 3174 1069 3267 fuerat,
1108 3191 1150 3249 ut
1174 3182 1215 3257 in

147 3272 278 3346 Christi
301 3291 414 3365 opere
431 3272 492 3344 Des
506 3285 599 3364 opus
619 3271 910 3369 possetintelligi,
933 3296 1013 3348 -non
1027 3277 1215 3371 expestata

148 3376 195 3447 ab
213 3395 258 3447 co
281 3372 349 3445 fuit
361 3368 450 3444 fides
471 3371 720 3448 confessionis:
746 3372 804 3445 sed
820 3376 879 3466 qui
897 3377 933 3446 in
949 3377 1104 3467 receptis
1122 3398 1216 3450 ocu·
1265 3453 1271 3468 ,

149 3474 192 3546 lis
208 3471 389 3545 austorem
406 3472 499 3546 tanti
514 3470 576 3546 fibi
593 3474 749 3546 muneris
764 3470 969 3563 nesciebat,
994 3477 1126 3548 meruit
1141 3479 1218 3552 hoc

149 3570 289 3663 postea,
314 3587 356 3646 ut
368 3569 476 3647 fidem
490 3570 652 3648 disceret.
704 3569 898 3646 Nonenim
908 3575 1077 3648 caecitatis
1091 3577 1217 3670 depul-

148 3669 202 3745 sto
226 3674 309 3743 vitae
328 3672 566 3747 aeternitatem
588 3669 772 3747 afferebat.
832 3671 893 3744 Ob
918 3673 1016 3764 quod
1042 3679 1215 3751 Dominus

147 3771 221 3863 jam
238 3768 370 3864 sanum,
396 3772 490 3845 &de
506 3772 684 3868 synagoga
702 3770 852 3862 ejectum
865 3773 1065 3872 interrogat
1079 3776 1216 3852 dicens:

157 3865 208 3942 Tu
223 3874 320 3938 credis
340 3872 490 3962 infidiam
509 3870 594 3948 neri
623 3871 684 3944 Ne
700 3872 864 3946 damnum
881 3871 942 3946 fibi
960 3888 1103 3967 putaret
1124 3875 1218 3970 esse,

141 3970 188 4044 se
202 3990 323 4042 carere
337 3967 526 4070 synagoga,
552 3972 923 4047 cuiimmortalitatem
940 3971 1028 4048 fides
1037 3977 1113 4049 haee
1127 3997 1218 4050 con·

104 4129 108 4134 .
150 4069 237 4146 sessa
251 4071 470 4148 redhiberet.
526 4071 670 4147 Etcum
690 4074 751 4148 ille
773 4073 930 4147 incertus
947 4077 1139 4150 etiamnum
1162 4098 1219 4150 re·

152 4170 364 4265 spondiffet:
392 4175 477 4265 Quis
493 4173 545 4268 est,
574 4180 722 4258 Domine,
749 4191 788 4243 ut
807 4176 927 4245 credam
945 4183 980 4245 in
997 4184 1086 4246 cum?
1114 4177 1220 4271 Igno·

150 4275 330 4346 rationem
343 4271 421 4362 ejus
468 4291 575 4363 quem
593 4269 676 4370 post
693 4275 886 4352 oculorum
902 4278 1222 4371 recuperationem

200 4377 241 4453 S.
257 4369 386 4450 Hilarii
430 4397 489 4453 arr.
503 4377 531 4452 s.
772 4373 817 4452 M
1058 4390 1169 4454 tanto
