2742 4959
164 465 185 478 ¹-

777 491 783 500 ι

579 581 588 602 ‘
720 585 730 620 l

188 669 235 748 18
391 651 434 737 8,
458 654 653 733 Hrtanrr
681 676 742 731 na
775 652 1053 734 anurrnrr

88 823 101 832 ·
203 873 206 878 .
266 828 325 904 18.
350 814 489 894 Et'vos
508 816 673 913 quidem,
700 837 793 911 quos
811 813 896 894 fidei
913 779 1039 916 calor',
1066 813 1269 919 &ignoru-

188 937 238 1002 te
263 919 401 999 mundo
421 941 465 995 ac
483 915 702 1014 sapientibus
717 918 841 993 mundi
858 921 1023 996 ueritatis
1044 921 1198 1000 studium
1216 923 1265 1001 ad

187 1024 384 1122 legendum
411 1020 598 1114 vocavit,
626 1015 821 1095 meminisse
847 1034 999 1114 oportet
1036 1036 1264 1112 terrenarum

188 1124 364 1203 mentium
375 1118 533 1196 infirmas
551 1134 659 1213 atque
674 1119 869 1193 imbecillas
886 1122 1078 1216 opiniones
1096 1120 1166 1197 eise
1177 1125 1265 1219 abji-

190 1223 356 1315 ciendas,
391 1222 425 1295 dt
441 1240 568 1294 omnes
583 1217 800 1315 impersetlae
816 1218 998 1295 sententiae
1013 1222 1188 1319 angustias
1205 1245 1265 1300 re·

188 1320 313 1422 ligiosa
338 1319 495 1397 discendi
514 1318 782 1414 exspoliatione
791 1320 975 1402 [laxandas.
1026 1317 1151 1397 Novis
1165 1326 1266 1406 enirn

188 1422 392 1522 regenerati
408 1420 542 1518 ingenii
557 1416 710 1504 senfibus
725 1439 818 1514 opus
827 1420 892 1514 est,
915 1436 1281 1517 utunumquemque·

191 1520 415 1599 conscientia
427 1519 486 1595 sua
499 1516 692 1596 secundum
711 1519 856 1596 caelestis
874 1522 1022 1619 originis
1038 1544 1168 1598 munus
1182 1528 1265 1601 illu·

188 1625 316 1701 minet.
367 1619 540 1694 Standum
563 1623 684 1714 itaque
707 1640 772 1714 per
790 1616 897 1696 fidem
918 1636 1001 1696 ante
1023 1621 1092 1708 est,
1123 1640 1165 1698 ut
1186 1626 1266 1702 san·

190 1722 267 1799 etus
287 1721 458 1819 Jeremias
475 1719 658 1811 admonet,
680 1716 924 1796 insubstantia
942 1722 1032 1797 Dei:
1045 1737 1100 1795 -ut
1120 1724 1165 1799 de
1182 1724 1264 1801 sub·

189 1823 319 1899 stantia
340 1820 412 1895 Dei
428 1820 636 1913 auditurus,
674 1816 810 1896 sensum
826 1821 924 1895 suum
940 1822 983 1895 ad
1002 1844 1066 1917 ea,
1092 1844 1170 1916 que
1186 1825 1263 1902 Dei

190 1921 392 1999 substantia
415 1920 508 2001 sint,
533 1920 639 2017 digna
654 1919 886 2010 moderetur3
914 1922 1123 1997 moderetur
1138 1941 1263 2005 autem

189 2045 271 2100 non
289 2024 413 2114 aliquo
427 2020 540 2096 modo
557 2019 804 2117 intelligendi,
836 2018 894 2094 sed
910 2019 1097 2112 infinitate.
1157 2029 1261 2127 Quin

187 2126 300 2199 otiam
323 2119 488 2196 conscius
507 2121 569 2195 srbi
589 2119 768 2196 divinasse
788 2134 923 2195 naturae
946 2125 1179 2221 participem,
1216 2141 1263 2202 ut

190 2225 320 2298 beatus
336 2220 520 2314 apostolus
541 2219 666 2294 Petrus
683 2221 721 2293 in
735 2219 885 2314 epistola
904 2220 963 2295 sua
982 2224 1092 2296 altera
1105 2227 1176 2320 ait,
1204 2227 1263 2302 es.

192 2321 325 2399 sedium
345 2318 467 2412 fuisse,
501 2320 572 2393 Dei
593 2334 757 2393 naturam
783 2340 859 2395 non
881 2335 1018 2394 naturae
1035 2320 1103 2396 suae
1119 2325 1258 2422 legibus

190 2423 383 2514 metiatur,
408 2418 467 2494 sed
485 2420 623 2493 divinas
639 2418 876 2513 profeffiones
893 2419 1084 2498 secundum
1101 2422 1264 2523 magnifi-

194 2524 350 2598 centiam
370 2520 502 2595 divinae
523 2520 568 2593 de
589 2519 626 2592 se
647 2519 918 2615 protestationis
938 2523 1130 2615 expendat.
1182 2525 1265 2624 Op·

193 2626 302 2700 timus
326 2622 419 2696 enim
446 2619 561 2694 letior
587 2620 661 2714 est,
701 2622 761 2713 qui
789 2618 965 2695 dittomm
986 2626 1262 2723 intelligentiam

176 2723 375 2819 exspectet
399 2744 445 2796 ex
465 2720 565 2794 diiiis
587 2721 711 2815 potius
732 2741 837 2813 quam
852 2720 1037 2815 imponat,
1077 2725 1263 2799 &retule-

191 2827 242 2899 rit
263 2825 372 2920 magis
395 2842 499 2915 quam
526 2821 708 2913 attulerit,
746 2840 866 2912 neque
892 2839 998 2918 cogat
1020 2822 1054 2895 id
1075 2825 1190 2898 videri
1208 2826 1263 2898 di·

173 2919 257 3001 'itis
284 2922 485 3010 contineri,
521 2922 619 3011 quod
639 2936 722 2995 ante
743 2919 935 2996 lectionem
957 2920 1186 3013 presumserit
1206 2926 1262 2999 in·

191 3024 437 3121 telligendunr.
500 3020 591 3091 Cum
614 3022 734 3111 itaque
760 3020 805 3092 de
819 3025 926 3094 rebus
945 3021 1014 3094 Dei
1031 3025 1100 3095 erit
1115 3022 1260 3120 ferme,

192 3125 434 3202 concedamus
455 3118 704 3215 cognitionem
720 3116 769 3190 sni
791 3120 898 3214 Deo,
925 3121 1096 3212 diiiisque
1113 3124 1190 3215 ejus
1200 3128 1263 3219 pia

190 3237 432 3300 veneratione
448 3219 669 3294 famulemur.
720 3216 879 3293 Idoneus
893 3221 987 3294 enim
1003 3221 1065 3297 sibi
1081 3223 1177 3299 testis
1191 3225 1259 3321 est,

193 3328 254 3419 qui
270 3325 332 3399 nisr
354 3343 419 3417 per
438 3318 472 3394 se
489 3318 656 3415 cognitus
671 3338 747 3390 non
764 3317 824 3393 est.

272 3448 328 3518 19.
356 3423 392 3495 si
414 3443 484 3515 qua
504 3438 683 3493 veronus
707 3418 752 3491 de
770 3433 898 3492 natura
920 3416 989 3494 Dei
1010 3420 1045 3493 dr
1066 3421 1261 3499 nativitate

107 3565 110 3570 ·
190 3522 408 3614 narrantes,
447 3520 758 3612 comparationum
777 3522 941 3613 exempla
957 3518 1169 3614 afferemus,
1197 3545 1262 3599 ne·

191 3645 255 3701 mo
276 3645 318 3695 ea
338 3620 513 3695 existimet
536 3617 705 3692 absolutae
729 3620 766 3693 in
781 3619 815 3695 se
829 3623 978 3693 rationis
997 3621 1262 3714 perscilionem

174 3717 392 3797 continere.
452 3719 686 3812 Comparatio
709 3721 803 3795 enim
829 3736 1052 3795 terrenorum
1072 3723 1115 3793 ad
1138 3723 1262 3802 Deum

191 3825 290 3899 nulla
307 3818 373 3895 est:
400 3815 460 3894 sed
474 3817 660 3893 infirmitas
677 3819 806 3894 nostrae
818 3821 1064 3915 intelligentiae
1074 3824 1262 3920 cogitspe·

192 3927 265 3999 cies
297 3921 463 4015 quasdam
488 3942 533 3993 ex
547 3915 800 4012 inferioribus,
833 3936 1011 4010 tamquam
1032 3922 1260 4012 superiorum

190 4026 326 4099 indices
344 4040 522 4114 quaerere3
554 4035 595 4091 ut
618 4039 735 4093 rerum
754 4019 975 4093 familiarium
996 4021 1262 4099 consuetudine

190 4125 434 4212 admonente,
472 4139 517 4192 ex
540 4116 656 4192 sensus
681 4117 793 4192 nostri
816 4119 1035 4193 conscientia
1059 4124 1102 4194 ad
1123 4119 1262 4198 insoliti

188 4219 306 4298 sensus
325 4221 535 4316 opinionem
550 4219 795 4293 educeremur.
848 4222 976 4293 Omnis
994 4222 1101 4317 igitur
1111 4240 1262 4313 compa·

190 4325 285 4398 ratio
302 4319 441 4398 homini
455 4321 580 4416 potius
595 4319 693 4394 utilis
712 4319 901 4419 habeatur,
927 4341 1032 4416 quarn
1049 4318 1134 4394 Deo
1152 4337 1261 4418 apta,

1125 4441 1212 4517 quta
