2742 4959
177 657 225 737 68
382 647 418 729 S.
448 647 642 728 Hrtn'atr
670 667 730 726 ne
764 645 1038 724 Tarurrn'rn

179 813 377 894 ditionibus
390 808 676 888 :confirmaturus
694 808 822 904 assistit,
835 811 1017 908 'palpandi
1031 809 1257 910 corporis&

182 912 431 992 contrectandi
447 913 610 988 vulneris
630 913 766 988 obtulit
783 911 1012 988 facultatem:
1038 915 1088 1008 dr·
1101 915 1255 1006 utique,

182 1017 245 1110 qui
261 1011 496 1108 compensius
512 1010 829 1109 recognoscendus
849 1013 911 1104 iit,
935 1011 1076 1087 necesse
1099 1013 1151 1087 est
1171 1033 1259 1090 cota

180 1136 264 1214 pus,
288 1115 326 1188 in
341 1133 415 1205 quo
433 1111 486 1186 est
498 1111 750 1208 compensius,
773 1112 945 1188 attulerit.
999 1116 1136 1212 Quaero
1147 1135 1257 1212 erg05

179 1237 249 1313 per
273 1235 360 1308 quas
382 1209 506 1287 clausae
528 1213 657 1290 domus
674 1227 796 1306 partes
815 1210 887 1286 sese
904 1231 1106 1306 corporeus
1123 1216 1259 1289 intule-

181 1318 244 1391 rit
302 1314 507 1410 Diligenter
536 1313 632 1394 enirn
658 1311 890 1410 Euangelista
920 1313 1086 1408 expreiht
1110 1315 1260 1390 dicente

187 1419 296 1508 {lenit
320 1418 417 1512 Jahn
428 1417 545 1512 januis
560 1413 691 1512 claustr,
718 1413 758 1492 δ
766 1415 861 1510 stetit
875 1417 913 1490 t'n
927 1415 1035 1490 medio.
1088 1411 1151 1489 An
1167 1433 1260 1490 eom

182 1513 315 1592 maiia
334 1516 511 1610 parietum
533 1528 728 1608 penetrans
748 1512 782 1587 dr
801 1510 910 1588 solida
922 1515 1127 1610 lignorum,
1152 1531 1262 1589 natu-

184 1637 263 1692 ram
286 1635 415 1689 eorum
440 1614 748 1711 impenetrabilem
764 1613 1002 1706 transcurrit?
1028 1613 1139 1687 Stetit
1157 1635 1259 1688 narn·

186 1734 492 1811 quecorporeus,
517 1713 789 1790 nonfimulatus
807 1727 868 1787 aut
882 1713 999 1788 fallax.
1051 1711 1258 1806 sequantur

187 1836 277 1912 ergo
294 1814 392 1888 oculi
411 1815 542 1898 mentis
561 1827 633 1886 turae
647 1815 870 1909 penetrantis
887 1809 1092 1910 ingressum,
1121 1813 1258 1892 &cum

187 1937 238 1990 eo
259 1911 409 1989 clausam
433 1913 582 1990 domum
607 1913 854 2010 intelligentia
881 1926 952 1986 tue
975 1912 1070 1987 visus
1087 1916 1261 1993 introeat.

188 2013 335 2112 Integra
354 2013 436 2088 sunt
457 2015 580 2090 omnia
603 2011 841 2089 &obseratas
867 2013 926 2088 sed
944 2033 1031 2089 ecce
1052 2013 1167 2090 aihllit
1187 2037 1263 2090 me··

190 2115 289 2207 dius,
324 2114 381 2187 cui
406 2134 472 2207 per
494 2115 670 2190 virtutem
693 2113 789 2191 suam
816 2115 981 2189 universa
1005 2110 1085 2186 sont
1117 2117 1259 2207 pervia.

190 2214 432 2290 Invisrbilibos
450 2214 693 2288 calumniaris:
718 2235 787 2310 ego
804 2235 824 2288 a
843 2228 880 2289 te
899 2213 1087 2287 vihbilium
1099 2211 1265 2308 exposco

192 2313 386 2388 rationem.
437 2311 540 2386 Nihil
554 2314 652 2386 cedit
666 2334 711 2385 ex
727 2313 859 2408 solido,
885 2333 1003 2404 neque
1019 2334 1083 2408 per
1099 2329 1262 2388 naturam

191 2412 289 2490 suam
309 2411 441 2504 aliattid
461 2425 640 2506 tamquam
656 2411 754 2506 lapsu
770 2412 956 2488 insensibili
975 2415 1092 2510 ligna,
1124 2413 1263 2506 dilapi-

193 2515 258 2587 das
286 2515 489 2591 admittunt.
538 2511 681 2606 Corpus
706 2512 856 2588 Domini
882 2537 901 2584 a
924 2512 994 2586 sese
1020 2536 1095 2588 non
1119 2509 1264 2606 deficit,

193 2629 237 2688 ut
257 2613 328 2687 sese
345 2611 500 2688 resumat
519 2635 564 2687 ex
583 2615 716 2688 nihilo:
744 2613 777 2686 dt
795 2615 904 2705 unde,
933 2615 990 2704 qui
1009 2613 1124 2688 assistit
1143 2617 1264 2686 inme·

196 2716 258 2789 dio
280 2712 356 2788 est?
390 2713 495 2786 Cedit
512 2716 556 2788 ad
573 2710 853 2806 necteremus,
887 2711 1071 2806 &sermo‚
1109 2714 1142 2787 dt
1160 2732 1265 2788 extra

193 2818 374 2894 tationem
398 2815 585 2890 humanam
612 2813 663 2888 est
685 2817 818 2887 veritas
836 2812 927 2889 faui.
982 2814 1124 2886 Idcirco
1148 2834 1265 2909 ergo,

195 2932 238 2991 ut
260 2918 306 2988 de
328 2916 517 2986 nativitate
544 2914 719 3007 fallimus,
755 2919 805 2988 ita
826 2915 859 2987 dt
877 2915 921 2987 de
938 2913 974 2986 in
1001 2912 1093 2987 ressa
1113 2913 1265 2988 Domini

196 3016 421 3090 mentiamur.
474 3014 645 3086 Dicamus
663 3014 792 3088 fatiam
808 3035 884 3086 non
903 2936 1024 3104 indige,
1061 3014 1141 3105 quia
1161 3015 1266 3086 intel·

198 3114 381 3210 ligentiam
407 3109 488 3184 fatti
513 3133 589 3185 non
611 3114 907 3206 apprehendimus
928 3116 962 3186 dt
989 3113 1143 3187 cessante
1164 3111 1265 3186 senso

198 3212 348 3302 nostr0‚
382 3210 462 3283 fatti
481 3211 584 3304 ipsius
607 3211 718 3284 celset
736 3212 896 3286 eisettus.
947 3213 1017 3286 Sed
1039 3215 1264 3288 mendacium

197 3312 359 3388 nostrum
380 3310 461 3383 fatti
483 3308 570 3385 fides
591 3313 719 3386 vincit.
773 3312 920 3387 Adstitit
943 3313 1122 3392 Dominus
1148 3311 1265 3384 clausa

197 3415 313 3486 domo
336 3414 374 3485 in
395 3411 516 3484 medio
535 3409 807 3506 discipulorum:
835 3413 869 3484 δι
887 3413 914 3485 F
917 3415 996 3485 ilius
1019 3414 1069 3488 est
1088 3427 1190 3484 natus
1217 3431 1265 3482 ex

198 3511 317 3587 Patre.
368 3511 459 3584 Noli
479 3533 630 3608 negare,
658 3515 757 3604 quod
774 3514 932 3605 steterit,
960 3517 1041 3606 quia
1056 3529 1119 3607 per
1136 3512 1269 3584 intelli-

198 3612 329 3710 gentiae
351 3609 608 3706 infirmitatem,
636 3614 859 3687 consistentis
876 3635 952 3686 non
970 3615 1196 3705 consequaris
1216 3616 1269 3684 in·

198 3715 371 3786 troitum:
406 3713 655 3806 nolignescire,
683 3716 781 3807 quod
798 3717 842 3788 ab
863 3715 1026 3806 ingenito
1049 3716 1083 3786 aa
1102 3710 1265 3806 perfetio

199 3811 287 3886 Deo
308 3828 409 3907 patre
429 3816 633 3910 unigenitus
651 3811 990 3907 &parietinarum
1009 3815 1078 3888 Dei
1093 3827 1197 3885 natus
1211 3812 1269 3902 lit,

202 3915 285 4006 quia
311 3912 446 3986 sensum
468 3913 502 3984 ἃ
522 3913 721 3989 sermonem
736 3917 896 3989 humanae
914 3932 1049 3988 naturae
1074 3915 1191 3986 virtus
1207 3933 1267 4008 ge·

202 4014 403 4090 natationis
420 4015 583 4090 excedat.

282 4136 340 4189 21.
367 4111 416 4187 Et
432 4114 552 4186 omnia
569 4115 710 4204 quidem
726 4112 866 4208 insuper
886 4113 1006 4188 mundi
1021 4135 1134 4209 opera
1152 4110 1270 4184 adesse

200 4215 311 4290 nobis
335 4215 372 4288 in
399 4212 643 4288 testimonium
667 4213 831 4306 pulsent,
858 4237 904 4288 ne
925 4217 1103 4313 ambigere
1128 4213 1173 4285 de
1196 4211 1272 4284 Dei

202 4318 311 4392 rebus
328 4331 435 4411 atque
451 4314 646 4392 virtutibus
665 4314 719 4389 ias
734 4317 974 4394 crederemus.
1025 4316 1095 4390 Sed
1111 4316 1146 4385 in
1160 4308 1272 4426 ipsam

1089 4425 1225 4487 Verita-
