2742 4959
153 181 1288 460 .-

695 285 699 290 ,
730 251 747 284 0

330 739 344 758 .
457 648 882 769 'LamacaVL
997 723 1002 730 ·
1169 691 1239 796 '147

160 862 254 943 nihil
267 857 364 937 inter
377 853 541 949 Patrem,
567 849 748 930 &Filium
766 851 837 928 elie
851 853 978 952 unum',
1004 855 1125 934 divisa
1142 882 1162 935 a
1177 859 1239 937 Sa·

164 965 279 1042 bellio
296 958 439 1036 unionis
463 955 599 1029 crimen
619 954 864 1048 exprobrant:
892 957 994 1050 cujus
1015 959 1160 1035 unionis
1187 962 1239 1036 di·

163 1063 259 1138 visio
276 1081 353 1138 non
369 1058 599 1134 nativitatem
614 1054 756 1150 intulit,
790 1054 848 1130 sed
869 1055 1034 1136 eumdem
1055 1056 1174 1136 divisit
1198 1061 1237 1138 in

164 1164 341 1262 Virgine·
378 1157 501 1233 Nobis
522 1169 643 1231 autem
662 1155 699 1231 in
726 1153 949 1233 confessione
968 1159 1141 1234 nativitas
1165 1159 1235 1236 est.-

164 1264 199 1337 si
217 1265 387 1337 unionem
402 1254 633 1350 detestantes,
657 1254 834 1334 unitatem
847 1255 1045 1335 divinitatis
1055 1274 1235 1354 tenemus3

161 1365 298 1438 scilicet
318 1374 361 1435 ut
390 1363 483 1432 Deus
508 1375 555 1431 ex
580 1359 659 1430 Deo
679 1375 792 1430 unum
816 1355 909 1433 sitin
923 1379 1057 1458 genere
1074 1378 1235 1457 naturae,

162 1464 267 1556 dum,
295 1459 394 1555 quod
412 1477 477 1553 per
491 1457 693 1532 nativitatis
711 1457 903 1532 veritatem
921 1478 966 1532 ex
982 1463 1058 1533 lico
1075 1464 1238 1541 insicum

162 1564 319 1656 exstitit,
355 1580 431 1634 non
457 1556 620 1652 aliunde,
653 1576 760 1653 quain
776 1577 821 1630 ex
844 1559 921 1632 Deo
938 1557 1008 1634 esse
1029 1557 1236 1638 substiterit.

164 1665 278 1762 Quod
294 1675 412 1735 autem
430 1677 508 1733 non
525 1657 689 1751 aliunde,
718 1675 822 1749 quarn
837 1677 883 1731 ex
900 1662 977 1732 ilco
994 1674 1137 1754 manet,
1163 1683 1264 1752 ma·,

162 1779 250 1837 neat
265 1760 406 1835 necesse
422 1758 474 1833 est
491 1760 530 1832 in
549 1777 591 1831 ea
609 1758 791 1842 veritate,
818 1777 887 1849 qua
906 1761 998 1834 Deus
1019 1758 1086 1836 est:
1114 1781 1155 1835 ac
1170 1779 1237 1858 per
1296 1770 1299 1778 '

162 1863 237 1938 hoc
258 1880 369 1934 unum
383 1859 485 1952 sunt,
521 1875 625 1950 cum,
658 1857 783 1949 quiex
803 1860 880 1931 lleo
898 1861 991 1933 Deus
1009 1857 1082 1953 est,
1114 1881 1236 1955 neque

163 1963 258 2034 aliud
282 1959 356 2053 ipse
376 1956 451 2049 est,
484 1963 604 2046 neque
628 1953 796 2047 aliunde,
828 1955 928 2049 quod
957 1961 1048 2034 Deus
1067 1955 1130 2036 est.
1179 1962 1238 2037 Id·

164 2062 266 2134 circo
282 2074 400 2132 autern
417 2055 563 2150 unionis
579 2056 616 2129 in
629 2052 787 2129 Sabellio
803 2055 965 2152 impietas
983 2059 1235 2158 praetenditur,

162 2174 206 2233 oc
235 2157 401 2232 Ecclesiae
422 2151 508 2229 sides
533 2153 682 2228 unitatis
716 2155 845 2252 religio
870 2156 1064 2235 auferatur.
1115 2156 1237 2238 Perse·

163 2279 251 2353 quar
275 2259 405 2334 deinde
432 2255 618 2336 &caetera
638 2254 798 2328 heretici
821 2256 955 2375 ingenii
981 2255 1153 2354 arusicia,
1187 2283 1238 2342 ns

162 2359 263 2435 forte
289 2355 484 2452 suspiciosis
505 2351 634 2452 maffia,
676 2372 781 2447 quam
799 2374 896 2432 vens
915 2357 1237 2459 sollicitudinibus,

162 2462 365 2536 malevolus
402 2459 600 2550 interpres-
621 2452 747 2530 alienae
778 2456 1010 2552 simplicitatis
1038 2459 1236 2538 existimer:

163 2560 365 2633 ostensurus
385 2559 500 2632 totius
520 2552 749 2648 professionis
768 2557 1027 2650 conclusione,
1062 2559 1100 2633 in
1128 2581 1237 2654 quein

161 2657 197 2735 se
219 2662 355 2735 exitum
375 2652 560 2752 praemissio
576 2668 649 2727 tam
668 2652 808 2728 subdoli
824 2655 996 2730 sermonis
1017 2657 1240 2743 instruxerit.

241 2781 296 2834 12.
323 2758 363 2830 ld
382 2758 477 2830 enim
498 2749 672 2845 sequituri
698 2751 769 2825 Sed
787 2752 1158 2854 necscutHieracas,
1183 2761 1238 2838 lu·-

161 2881 308 2934 cernam
338 2858 382 2930 de
408 2857 575 2935 lucerna,
611 2851 673 2923 vel
698 2850 896 2946 lampadem
922 2856 960 2930 in
980 2851 1079 2933 'duas
1103 2876 1236 2953 partes.

162 2959 247 3034 Nec
267 2959 325 3049 qui
347 2955 417 3030 fuit
433 2969 539 3034 ante,
564 2946 793 3045 postmodum
811 2964 934 3030 natum
950 2957 1013 3032 vel
1034 2954 1238 3054 supercrea·

163 3074 240 3133 tum
257 3059 294 3131 in
311 3057 421 3130 filium
430 3051 602 3129 Hieracis
617 3048 779 3128 nesciens
787 3048 976 3152 Unigenitl
990 3059 1237 3159 nativitatem,

162 3181 233 3235 nec
249 3156 544 3254 evangelicorum
557 3149 859 3230 sacramentorum
877 3157 1053 3234 virtutem
1067 3159 1234 3257 adeptus,

161 3262 268 3333 unius
284 3259 440 3332 lucernae
459 3253 534 3329 duo
554 3253 688 3328 lumina
712 3252 937 3350 predicavit,
963 3272 1006 3331 ut
1016 3259 1237 3354 lychnorum

161 3359 332 3455 bipertita
345 3355 474 3432 divisio
490 3349 717 3428 substantiam
728 3351 842 3428 Patria
857 3353 978 3430 &Filii
994 3361 1235 3459 emularetur,

164 3480 242 3552 quae
263 3482 308 3534 eii
321 3461 427 3534 unius
443 3454 578 3531 vasculi
590 3453 750 3552 unguine
768 3454 1030 3531 accenderetur
1046 3460 1082 3534 iii
1099 3463 1235 3558 lumen,

163 3576 344 3649 tamquam
360 3558 448 3633 esset
464 3553 654 3631 substantia
670 3554 851 3648 exterior,
878 3567 919 3628 ut
934 3557 1008 3632 olei
1022 3558 1059 3633 in
1073 3561 1236 3657 lucerna,

165 3657 357 3732 continens
381 3657 524 3732 luminis
550 3657 738 3745 utriusque
763 3669 947 3748 naturam3
987 3660 1050 3734 vel
1072 3679 1172 3736 certe
1194 3678 1238 3742 ut

163 3760 300 3850 lampas
315 3778 457 3852 papyro
476 3754 608 3831 eodem
628 3753 789 3846 intexta,
823 3768 983 3848 utroque
1003 3760 1122 3855 capite
1140 3763 1237 3835 lnce·

163 3874 243 3948 ret,
277 3854 436 3950 essetque
458 3855 575 3932 media
598 3852 765 3928 materies
787 3854 908 3930 lumen
927 3877 972 3931 ex
987 3856 1022 3933 se
1042 3865 1236 3952 utrumque

163 3956 401 4056 protendens.
459 3957 550 4031 Haec
573 3947 732 4029 stulticie
758 3953 920 4031 humanu
944 3979 1049 4035 error
1069 3961 1238 4055 invexit,

165 4061 274 4151 dum,
308 4058 407 4152 quod
426 4055 589 4151 sapiunt,
614 4076 661 4147 ex
677 4052 712 4126 se
727 4055 871 4150 potius,
900 4073 1004 4151 quam
1024 4081 1070 4136 ex
1090 4064 1168 4147 Deo
1189 4060 1239 4135 sa·

165 4163 283 4255 piunt.
345 4157 415 4232 Scd
435 4158 517 4254 quia
531 4175 630 4231 verae
653 4152 737 4229 fidei
756 4155 928 4251 professio
947 4158 1017 4256 est,
1048 4161 1099 4233 ita
1127 4163 1241 4238 Deum

166 4281 214 4333 ex
233 4264 308 4333 lieo
332 4274 478 4353 natum,
511 4270 554 4330 ut
567 4257 688 4332 lumen
710 4277 756 4332 eii
775 4257 930 4357 lumine,
966 4260 1069 4355 quod
1087 4260 1162 4337 stne
1179 4260 1245 4334 de·

166 4362 341 4438 trimcnto
358 4359 425 4438 suo
444 4371 610 4438 naturam
631 4355 730 4434 suam
753 4358 905 4459 prestat
917 4381 983 4442 'ex
995 4359 1102 4461 ieie,
1120 4373 1174 4433 ut
1186 4355 1291 4450 bet,

667 4447 709 4546 K
736 4485 761 4542 2
1131 4454 1249 4558 quob
