2742 4959
516 628 818 742 brenel.
968 639 982 702 .’
1152 657 1199 736 rp

99 873 102 880 .
123 799 322 884 secundnm
338 809 504 891 tempora
523 792 702 889 assumpte
724 794 839 870 carnis
859 796 949 894 suit,
975 761 1070 876 idem
1090 813 1197 881 antea

127 908 267 1002 semper
286 900 395 974 fuerit
416 912 523 988 atque
538 895 580 970 sit
595 891 690 968 filius
710 895 799 970 Dei:
824 918 893 971 nec
907 900 943 972 in
958 922 1006 973 eo
1023 904 1194 980 natintas

127 1006 205 1082 Dei
219 1003 281 1094 lit,
318 996 377 1072 sed
396 1019 445 1072 ex
467 996 597 1071 eodem
612 996 706 1070 idem
722 996 785 1087 srt;
820 999 1033 1094 unius-Dei,
1069 1018 1111 1076 ut
1130 1023 1196 1098 pu·

129 1119 233 1196 tant,
261 1098 509 1175 inviolabilem
530 1093 638 1170 fidem
659 1094 765 1170 series
788 1117 834 1171 ex
856 1096 972 1172 solido
996 1101 1034 1173 in
1050 1122 1223 1180 carnem.

130 1197 281 1280 deducis
295 1197 503 1289 conservet,
530 1196 614 1271 dum
630 1193 795 1287 usquead
809 1199 981 1294 virginem
997 1199 1101 1275 Pater
1111 1224 1199 1298 prm

129 1301 270 1395 tensus,
295 1296 369 1391 ipse
391 1296 454 1370 srbi
471 1310 576 1368 natus
596 1295 639 1369 sit
657 1292 829 1371 infilium.
881 1300 953 1372 Alii
966 1321 1082 1395 vero,
1110 1304 1196 1394 quia

132 1404 221 1478 salus
239 1400 337 1474 nulla
352 1397 425 1471 srne
443 1394 585 1469 Christo
600 1393 662 1487 srt,
689 1396 747 1487 qui
765 1398 801 1468 in
813 1398 991 1492 principio
1011 1402 1103 1495 apud
1119 1402 1196 1477 De-

133 1523 191 1580 um
205 1492 616 1592 eratDeusVerbum,)
643 1497 870 1570 nativitatem
882 1514 1069 1595 negantes,
1095 1523 1194 1577 crea·

133 1605 271 1678 tionem
292 1596 402 1671 solam
423 1594 567 1692 proselli
593 1591 690 1670 sunt:
728 1616 775 1668 ne
799 1598 968 1675 nativitas
998 1601 1195 1682 veritatem

133 1699 205 1774 Dei
218 1700 441 1778 admitteret,
472 1692 532 1771 sed
549 1695 689 1769 creatio
705 1693 890 1770 falfitatem
910 1698 1082 1795 doceret,
1114 1722 1193 1794 quae

136 1800 216 1874 dum
230 1800 465 1875 ementiretur
480 1794 516 1867 in
533 1814 664 1891 genere
678 1794 748 1868 Dei
764 1797 870 1870 unius
884 1795 1013 1890 fidem,
1040 1820 1117 1874 non
1132 1823 1197 1875 ex..

135 1901 294 1974 eluderet
316 1899 352 1968 iu
379 1895 620 1968 sacramento:
655 1893 712 1966 sed
737 1896 963 1971 nativitatem
984 1920 1107 1974 veram
1124 1921 1193 1973 no·

134 2000 217 2073 mini
236 2019 279 2069 ac
296 1993 379 2069 fidei
394 1993 587 2066 creationis
607 1991 853 2085 subjicientes,
880 2017 900 2067 a
919 1997 1072 2072 veritate
1087 2001 1192 2074 unius

135 2097 205 2180 Dei
236 2093 466 2187 separabilem
488 2112 569 2170 curn
595 2091 779 2187 facerent,
815 2110 857 2167 ut
876 2098 1012 2170 creatio
1032 2096 1195 2172 substitu-

134 2198 264 2276 tionis,
301 2191 557 2288 perfectionem
579 2191 640 2266 sibi
668 2192 865 2268 divinitatis
886 2217 963 2274 nun
983 2195 1191 2296 usurparet,

136 2317 237 2390 stram
254 2295 416 2369 veritatis
437 2293 607 2366 nativitas
627 2312 703 2368 non
719 2292 876 2369 dedilsct.

208 2417 264 2485 17·
291 2393 433 2467 Horum
448 2393 556 2489 igitur
569 2391 684 2465 furori
701 2391 918 2487 respondere
935 2397 1069 2473 animus
1090 2421 1192 2477 exar-

133 2497 193 2570 fit:
216 2495 381 2570 recolens
402 2494 475 2566 hoc
495 2494 552 2565 vel
571 2494 750 2586 precipue
765 2495 824 2568 sibi
842 2494 991 2571 salutare
1004 2498 1088 2590 else,
1113 2521 1194 2577 non

133 2592 247 2670 solum
263 2595 299 2668 in
313 2594 431 2668 Deum
450 2591 647 2685 credidisse,
674 2591 732 2664 sed
748 2594 852 2666 etiam
866 2597 900 2666 in
912 2595 1027 2668 Deum
1037 2614 1191 2691 patrem3

134 2717 253 2787 neque
276 2695 312 2768 iu
327 2692 468 2766 Christo
487 2705 626 2765 tantum
640 2688 808 2783 sperasse,
835 2692 945 2766 sedin
962 2692 1104 2769 Christo
1121 2697 1193 2772 Dei

133 2791 231 2882 tili03
257 2815 375 2884 neque
388 2795 424 2865 in
441 2808 616 2881 creatura,
643 2788 750 2862 sedin
766 2791 849 2863 Deo
868 2808 1035 2866 creatore
1045 2818 1090 2868 ex
1104 2795 1192 2870 Deo

133 2910 235 2970 nato.
284 2893 444 2967 Maxime
467 2911 555 2985 ergo
582 2909 816 2984 properamus
837 2912 882 2964 ex
899 2895 1121 2986 propheticis
1140 2912 1192 2970 at·

133 2991 204 3089 q'ue
220 2993 438 3087 evangelicis
453 2991 641 3081 praeconiis
660 2988 834 3064 vesaniam
850 3013 976 3070 eorum
993 2996 1192 3089 ignoranti·

134 3115 263 3188 amque
277 3091 516 3183 confundere,
543 3091 602 3181 qui
618 3085 678 3161 sub
699 3091 801 3164 unius
818 3090 903 3186 Dei,
930 3091 1004 3167 sola
1018 3094 1098 3169 sane
1110 3099 1193 3174 utili

133 3215 178 3270 ac
193 3191 356 3290 religiosa
377 3191 632 3285 predicatione
647 3204 709 3263 atrt
730 3188 850 3265 Deum
870 3209 992 3267 natum
1013 3194 1192 3276 Christum

131 3309 290 3393 negant,
323 3306 384 3366 aut
402 3312 528 3365 verum
549 3289 667 3362 Deum
689 3310 763 3362 non
781 3290 852 3363 else
871 3295 1123 3386 contendunt3
1149 3311 1193 3373 ut

84 3405 86 3410 '
130 3395 272 3471 creatio
293 3393 452 3485 potentis
477 3406 648 3466 creaturae
663 3389 758 3464 intra
773 3412 886 3466 unum
899 3393 1017 3466 Deum
1036 3393 1119 3469 fidei
1141 3396 1192 3471 sa·

84 3515 86 3536 ²
127 3506 352 3570 eramentum
370 3493 568 3583 relinquat3
595 3489 677 3581 quia
693 3490 861 3564 nativitas
880 3490 949 3566 Dei
970 3499 1191 3573 extraunius

126 3595 204 3670 Dei
230 3589 337 3666 fidem
354 3591 564 3687 religionem
587 3590 775 3681 protrahat
797 3589 1061 3668 confitentium.
1118 3597 1192 3672 Sed

125 3715 203 3774 nos
221 3691 340 3766 edodti
352 3692 523 3764 divinitus
540 3709 657 3780 neque
676 3689 768 3761 duos
785 3689 886 3765 Deos
900 3693 1105 3786 praedicare,
1129 3719 1193 3772 ne-

128 3815 206 3887 que
226 3789 360 3868 solum:
398 3789 491 3863 hanc
511 3787 711 3884 evangelici
730 3810 772 3862 ac
794 3792 997 3882 prophetici
1017 3800 1193 3887 praeconii

125 3893 313 3968 rationem
335 3893 371 3962 in
395 3889 615 3964 consessione
635 3887 704 3961 Dei
724 3889 882 3980 patris&
899 3891 970 3966 Dei
987 3889 1049 3968 filii
1066 3895 1193 3971 affere·

124 4014 228 4085 mus,
254 4008 294 4063 ut
312 3991 478 4064 nnumin
496 3986 566 4063 fide
580 3986 700 4062 nostra
717 3988 784 4061 sint
803 4003 970 4085 uterque,
996 4014 1072 4068 non
1087 4017 1192 4072 unuss

126 4111 254 4185 neque
271 4090 432 4164 eumdem
448 4106 658 4182 utrumque,
683 4109 802 4179 neque
819 4090 912 4164 inter
928 4113 1053 4167 verum
1070 4117 1111 4168 ac
1128 4095 1193 4169 sal·

127 4195 211 4272 sum
227 4191 322 4265 aliud
339 4181 579 4277 confitentes3
614 4188 695 4280 quia
715 4187 799 4262 Deo
821 4211 866 4262 ex
884 4190 970 4265 Deo
994 4207 1103 4286 nato,
1129 4217 1201 4287 ne·¹

125 4313 207 4390 qne
225 4291 388 4365 eumdem
407 4288 576 4361 nativitas
593 4287 770 4382 permittit
785 4287 874 4386 else,
900 4311 1018 4384 neque
1038 4292 1143 4368 allud.

180 4392 221 4478 ,Se
252 4393 377 4468 Hsscrr't'
406 4380 494 4467 Tom-
522 4389 550 4466 1·
780 4383 810 4466 B
1013 4399 1068 4473 18·
1095 4388 1144 4468 Et
