2742 4959
524 591 845 670 Seniano.
944 597 946 601 '
1093 609 1221 668 cmv

145 772 271 848 quos,
314 752 442 880 quibus
467 752 513 828 de
533 757 643 830 rebus
665 713 855 849 scripserit
903 839 906 844 ,
933 750 1008 853 Qui
1033 750 1133 826 illum
1158 751 1221 828 de·

142 874 236 949 creti
257 894 353 949 auno
371 896 454 966 355.
475 876 561 949 editi
580 876 771 952 authorem
789 873 862 954 esl'e
876 870 1113 965 concesserit,
1139 894 1215 965 quo

142 994 181 1071 se
208 1013 289 1069 cum
316 994 511 1070 Gallicanis
535 991 725 1092 Episcopis
743 1018 771 1072 a
792 996 1003 1088 Saturnini,
1045 990 1213 1090 Ursaeii,

142 1113 179 1190 &
204 1113 370 1188 Valentis
398 1120 655 1191 communione
678 1113 880 1211 separavit,
906 1116 961 1189 uti
985 1113 1029 1189 L.
1056 1112 1094 1186 in
1114 1112 1214 1197 Com

138 1233 246 1309 stant.
279 1238 319 1328 §.1
344 1257 377 1311 a.
411 1234 595 1330 declarat,
634 1251 713 1312 non
737 1235 875 1311 inficias
901 1236 1011 1327 ierit,
1056 1235 1211 1312 eundem

139 1354 258 1442 statim
283 1353 319 1431 8.
347 1354 621 1432 Confeilor'ibus
647 1358 721 1432 hoc
746 1354 845 1430 suum
870 1353 1055 1430 decretum
1082 1351 1211 1452 signifi·

139 1474 261 1567 casse,
303 1477 403 1568 quod
434 1493 561 1550 eorum
586 1478 809 1552 authoritate
834 1472 1119 1552 confirmandum
1145 1477 1209 1552 de·

137 1596 346 1688 reliquerat.
420 1598 594 1693 Apertius
626 1596 744 1702 L.·de
770 1596 985 1691 Synodisp.
1015 1616 1046 1672 1.
1072 1618 1210 1672 memo·

136 1730 214 1809 rat,
241 1713 276 1790 se
302 1739 347 1790 ex
373 1739 419 1791 eo
447 1709 634 1810 tempore,
661 1740 735 1809 quo
761 1720 798 1792 in
824 1719 970 1804 exilium
995 1714 1113 1810 pulsus
1140 1713 1205 1811 est,

136 1836 184 1911 de
206 1836 353 1909 diversrs
370 1835 522 1911 Roman.
548 1839 822 1934 provinciarum
839 1840 988 1912 urbibus
1004 1837 1124 1927 plures
1141 1838 1207 1912 mi·

135 1953 211 2030 srsle
241 1957 410 2046 litteras,
450 1942 578 2045 quibus
604 1956 861 2032 Occidentales
894 1957 939 2030 de
965 1954 1206 2033 Orientalium

133 2072 376 2150 Ecclesrarum
407 2073 528 2168 statu,
571 2074 607 2148 δι
637 2075 683 2150 de
715 2074 899 2172 progressu
924 2075 1069 2150 Arianae
1094 2075 1219 2182 here-¹

133 2195 214 2292 seos
250 2194 427 2268 certiores
458 2195 625 2274 faciebat.
700 2194 872 2292 Eisdem,
909 2193 1201 2272 utivConcilium

85 2339 87 2412 f
130 2314 323 2390 Parisrense
348 2314 472 2412 fragm.
497 2316 559 2394 Xl.
586 2317 622 2411 ς.
649 2340 685 2407 4.
711 2316 885 2409 testatur,
924 2336 1021 2390 anno
1051 2320 1123 2409 360
1148 2317 1202 2392 in·

134 2449 246 2509 eunte
272 2438 478 2529 nuntiavit,
518 2439 577 2530 qui
603 2437 809 2514 Orientales
837 2457 918 2511 cum
944 2435 1089 2531 Legatis
1117 2435 1201 2511 Ari·

131 2556 233 2632 mino
262 2555 614 2652 Constantinopolim
645 2559 797 2632 reversis
823 2555 858 2630 se
883 2555 1066 2652 gestissent.
1141 2549 1201 2630 Ex

131 2696 205 2768 quo
220 2679 459 2770 qualicunque
472 2678 604 2751 notitia
623 2677 795 2753 concludi
814 2678 946 2750 merito
957 2673 1090 2765 potest,
1117 2694 1200 2750 eum

128 2797 246 2870 toties
273 2795 471 2870 Catholicis
497 2796 688 2906 scripsrffes,
729 2797 873 2886 quoties
899 2785 1036 2886 aliquid
1056 2793 1199 2886 accidit,

128 2917 263 3010 quod,
299 2931 340 2989 ut
365 2914 532 2989 Ecclesrae
557 2929 686 2988 notum
715 2914 831 3007 esset,
875 2912 1045 2990 iuteresse
1062 2913 1199 3007 judica·

127 3038 194 3111 rit.
270 3034 468 3111 Catholicae
503 3036 582 3109 sunt
614 3038 709 3110 eninr
743 3035 1002 3111 &Catholicis
1038 3057 1079 3109 ac
1107 3037 1197 3110 totis

123 3156 320 3250 Eccleliis,
353 3177 428 3230 non
454 3157 603 3252 privatis
629 3156 789 3251 personis
814 3156 991 3251 inscriptae
1015 3160 1195 3250 pleraeque

122 3277 259 3353 Hilarii
284 3277 452 3371 epistole.
524 3276 658 3352 Libros
685 3279 828 3369 quidem
855 3280 1034 3373 appellare
1059 3278 1195 3372 placuit
1292 3315 1296 3326 ‹

122 3399 224 3472 illius
249 3420 329 3473 cum
354 3396 400 3470 de
424 3395 596 3490 synodis,
638 3419 680 3470 ac
708 3396 779 3473 side
805 3398 1074 3490 Orientalium,
1116 3411 1195 3471 tum

129 3536 262 3592 contra
287 3516 562 3613 Constantium,
602 3540 670 3592 nec
701 3541 777 3593 non
812 3532 942 3592 contro
969 3519 1193 3614 Auxentium

124 3623 264 3731 o'pera3
304 3637 363 3713 sed
388 3639 537 3733 proprie
563 3652 682 3712 tamen
699 3639 866 3733 epistole
892 3638 971 3713 sunt
998 3641 1039 3711 ad
1068 3635 1195 3712 Eccle-

122 3758 192 3834 stas
218 3759 334 3834 rn'islae.
382 3758 436 3833 lta
462 3758 495 3830 u
522 3780 604 3831 cum
629 3758 785 3832 diversas
812 3760 857 3832 de
876 3759 1021 3952 dms
1040 3759 1191 3852 provin·

123 3880 261 3952 ciarum
283 3879 525 3953 Romanarum
550 3880 712 3974 partibus
733 3877 767 3953 se
787 3876 901 3973 scripsi
933 3903 953 3953 e
993 3882 1086 3969 ieat3
1113 3877 1191 3949 nul·

118 4000 195 4074 lius
221 4015 341 4074 tamen
367 4001 464 4072 audis
490 4021 626 4073 nomen
651 3997 841 4096 Episcopi,
874 4002 916 4074 a'd
943 4023 1047 4094 quem
1072 3999 1192 4091 privo.

122 4122 192 4194 tim
216 4102 354 4193 litteras
381 4117 642 4197 summiserit·
692 4119 833 4197 Totum
859 4142 1005 4214 quoque
1032 4118 1190 4191 Concili-

123 4260 187 4316 um
205 4238 310 4323 Paris.
324 4260 403 4314 nou
418 4240 598 4339 ungulatis
614 4238 836 4338 Episcopus,
853 4313 855 4318 .
875 4243 939 4318 sibi
957 4240 1079 4315 abillo
1099 4259 1189 4314 nun·

619 4364 683 4454 i4
1011 4361 1139 4436 tiatum
