2742 4959
518 548 763 662 [Lassa
805 562 854 640 X
1156 580 1228 662 sap

157 732 251 810 desii
274 729 324 806 sui
346 725 606 825 predicatione
622 722 852 822 scalpuntur,
876 724 937 820 ipii
951 725 1095 821 penitus
1111 725 1156 801 ab
1171 747 1232 802 au-

157 837 238 908 ditu
264 831 429 907 veritatis
452 827 578 923 alieni,
611 841 716 901 totos
737 822 773 902 se
797 826 926 901 fabulis
959 824 1152 900 destinant:
1185 841 1229 903 ut

158 935 229 1028 nis,
252 952 329 1024 quae
338 933 549 1024 loquantur,
569 926 893 1023 veritatisspeciem
903 926 1103 1020 acquirant,
1126 924 1227 1023 dum,

159 1055 237 1128 que
254 1052 344 1106 vera
361 1031 462 1123 sunt,
488 1026 663 1121 dloqui,
690 1027 726 1101 dr
740 1028 863 1102 audire
875 1047 951 1102 non
967 1025 1125 1122 poliunt.
1145 1109 1149 1116 ,

235 1154 269 1224 35
294 1130 487 1206 incidimus
509 1128 615 1223 plane
635 1129 674 1202 in
699 1127 775 1203 hoc
795 1128 997 1223 prophetiae
1019 1125 1227 1221 apostolicae

152 1229 430 1312 molestiffimum
453 1244 607 1319 tempus.
659 1224 876 1320 Conquifitis
897 1228 993 1302 euim
1014 1247 1112 1303 nunc
1128 1247 1225 1304 crea·

151 1346 244 1405 aare
269 1333 419 1429 potius,
454 1348 560 1421 quam
576 1326 648 1404 Dei
669 1326 886 1422 predicandi
906 1324 1100 1425 magistris,
1137 1326 1223 1404 defi-

151 1432 261 1507 deriis
277 1432 440 1507 humanis
452 1428 598 1523 potius,
635 1450 741 1522 quam
757 1425 846 1502 sanas
858 1424 943 1502 fidei
962 1425 1133 1513 dodarinis
1151 1427 1222 1503 stu·

152 1529 276 1607 detur:
316 1532 351 1603 da
376 1550 423 1605 eo
446 1549 561 1622 usque
579 1549 645 1605 eos
660 1529 807 1628 prurigo
823 1528 961 1604 aurium
978 1527 1022 1602 ad
1041 1549 1108 1623 ea,
1141 1548 1221 1621 que

150 1631 364 1723 desiderant,
390 1629 566 1705 audienda
579 1629 770 1722 excitavit,
793 1641 836 1703 ut
851 1628 1078 1703 coacervatis
1092 1626 1221 1704 dotto.-

150 1733 252 1805 ribus
275 1728 350 1802 sola
370 1728 447 1804 haec
468 1750 566 1804 nunc
583 1730 728 1806 interim
747 1730 954 1826 pradicatio
976 1729 1127 1823 polleat,
1153 1749 1219 1824 per

150 1848 258 1921 quam
280 1831 485 1927 unigenitus
506 1829 608 1904 Deus
634 1852 655 1904 a
679 1826 883 1924 potestate,
914 1828 948 1902 dr
971 1829 1126 1904 veritate
1144 1828 1218 1903 Dei

150 1928 260 2022 patris
278 1930 429 2025 alienus,
452 1945 516 2003 aut
532 1930 677 2004 alterius
694 1928 834 2026 generis
848 1927 950 2004 Deus
966 1928 1009 2003 fit
1021 1925 1140 2004 infide
1149 1949 1217 2003 ne·

150 2027 240 2120 stra,
266 2043 329 2102 aut
350 2027 451 2104 Deras
471 2050 551 2104 non
565 2030 625 2103 sat:
650 2028 840 2104 mortifera
857 2049 904 2103 ex
919 2041 1079 2121 utroque
1093 2029 1218 2121 impie

150 2129 232 2201 ratis
251 2128 488 2222 profetiioae,
514 2144 577 2203 aut
591 2128 685 2203 duos
701 2127 806 2205 Deos
822 2125 886 2205 sub
898 2127 1105 2205 diverfitate
1124 2128 1218 2202 divi·

150 2228 269 2302 nitatis
285 2230 516 2322 eloquentes,
542 2242 606 2303 aut
622 2227 745 2306 Deum
759 2230 926 2324 omnino,
953 2228 1012 2303 cui
1027 2240 1156 2305 natura
1168 2245 1217 2306 cx

150 2324 231 2402 Deo
250 2349 315 2421 per
331 2330 562 2405 nativitatem
579 2327 644 2425 iit,
668 2331 900 2430 abnegantes.
949 2328 1037 2405 Hoc
1053 2329 1217 2406 alienatis

150 2427 188 2499 ab
213 2431 337 2503 auditu
355 2431 545 2525 veritatis,
583 2429 619 2503 dt
641 2429 828 2506 converfis
848 2427 893 2505 ad
908 2427 1048 2505 fabulas
1065 2432 1212 2506 auribus

150 2528 280 2619 piacet:
307 2530 413 2622 hujus
428 2529 520 2606 sanae
533 2530 705 2605 doetrinae
720 2529 902 2605 audientia
913 2549 990 2604 aon
1008 2527 1215 2626 sustinetur,

150 2627 175 2699 ir
190 2626 261 2720 ipsa
278 2631 397 2703 omnis
412 2651 493 2704 cum
508 2630 803 2722 predicatoribus
816 2627 888 2704 suis
902 2627 1051 2705 exsulat.

212 2749 248 2816 4.-
275 2728 346 2801 Sed
360 2730 446 2800 licet
463 2748 561 2802 nunc
576 2750 597 2800 a
618 2728 740 2802 multis
753 2726 1059 2806 coacervantibus
1075 2725 1140 2804 fibi
1160 2723 1213 2803 se·

150 2826 297 2900 :undum
321 2826 492 2900 desideria
511 2824 804 2942 suamagistros,
833 2823 1093 2945 senadocirina
1109 2826 1211 2946 exsu-

150 2923 1211 3124 tttritumribitttitqtnt‘tiuitiiset:

150 3123 306 3199 bscrrno
321 3124 408 3217 Dei,
434 3127 494 3220 qui
512 3127 643 3200 vinciri
663 3148 742 3203 non
756 3127 890 3225 potest,
915 3127 1006 3202 iiber
1018 3139 1206 3225 excurret,

150 3226 182 3297 ir
206 3226 279 3297 hoc
302 3226 432 3300 eodem
455 3225 661 3321 apostolice
684 3227 885 3325 prophetie
903 3228 1101 3304 admonens
1116 3241 1207 3307 tcm-

150 3344 240 3401 rorer
268 3339 323 3418 ut,
346 3346 427 3400 cum
453 3326 595 3401 auditus
614 3328 779 3404 veritatis
798 3328 987 3424 impatiens
1005 3326 1204 3422 deprehen·

150 3426 254 3519 litun,
283 3423 523 3502 &secundum
547 3425 719 3502 deiideria
733 3428 887 3506 bumana
904 3428 1114 3503 coacervati
1132 3450 1205 3504 ma·

150 3523 227 3626 :istri
251 3525 503 3621 reperiuntur,
529 3527 604 3622 jam
623 3528 670 3602 de
690 3542 859 3621 tempore
880 3547 958 3602 non
979 3529 1201 3627 ambigatur3

150 3622 189 3693 'ed
210 3623 245 3696 in
268 3645 316 3698 eo
338 3626 566 3721 coexsulare,
593 3627 835 3705 exsulantibus
858 3624 950 3702 sane
974 3624 1060 3703 fidei
1076 3628 1202 3724 pradi-

150 3724 341 3817 :atoribus‚
377 3728 514 3808 veritas
537 3727 770 3824 intelligatur.
820 3723 879 3801 nc
906 3726 952 3808 de
972 3730 1200 3823 temporibus

150 3842 208 3895 ron
226 3843 441 3914 queremur:
468 3827 677 3919 quinetiam
695 3826 950 3925 gaudebimus,
974 3830 1056 3922 quia
1071 3828 1200 3920 iniqui·

150 3945 184 3996 as
210 3920 328 4017 seper
349 3924 423 3999 hoc
444 3926 556 4002 exsilii
576 3926 689 4001 nostri
708 3941 850 4022 tempor
865 3926 1084 4021 ostenderit,
1121 3947 1197 4021 quo

150 4024 295 4095 *enitatis
311 4024 499 4115 impatiens
515 4024 604 4101 sane
619 4026 789 4102 doctrina
802 4027 1070 4121 predicatores,
1095 4025 1199 4104 utse·

150 4122 282 4196 randum
304 4122 473 4198 desideria
492 4123 551 4200 sua
573 4141 772 4205 coacervet
790 4125 851 4203 sabi
868 4125 1077 4223 magistros,
1105 4128 1197 4203 reie·

149 4237 202 4296 at:
241 4223 366 4300 exilio
391 4222 518 4303 nolito
536 4229 722 4404 letagtes,
760 4225 795 4305 dr
819 4224 1037 4305 exsultantes
1057 4227 1096 4342 in
1116 4224 1196 4306 Do·

671 4351 698 4424 4
1021 4347 1145 4419 mano,
