2742 4959
534 547 751 678 Iessea
800 599 830 678 1.
1004 609 1008 622 '
1193 627 1216 702 γ

206 783 260 857 ,3.
285 757 336 835 Et
359 781 569 856 quamquam
592 783 669 838 non
695 763 854 856 ineptam
874 761 967 840 hane
995 751 1121 842 eorum
1143 763 1214 846 ene

141 865 357 942 sententiam
375 879 482 956 atque
494 865 666 936 inutilem*
676 861 930 957 existimarem,
957 863 1215 944 conscientiam

126 968 191 1041 ‘ab
206 966 304 1041 onrni
322 966 428 1056 culpa
441 966 587 1038 liberam
604 963 835 1058 conservare,
862 963 895 1036 dt
912 985 1038 1039 omnes
1050 965 1213 1041 humane

143 1068 232 1140 vite
252 1065 430 1139 molestias
457 1066 516 1138 vel
538 1064 737 1158 providere
752 1065 972 1158 prudenter,
1010 1066 1071 1138 vel
1094 1059 1212 1143 vitare

142 1163 331 1258 consulte,
358 1167 417 1237 vel
433 1163 529 1238 ferre
545 1167 743 1256 patienter:
770 1179 887 1238 tamen
906 1165 940 1238 hi
955 1165 1016 1260 ipfr
1038 1167 1211 1240 nonsatis

138 1268 227 1341 mibi
246 1266 367 1339 idonei
383 1266 424 1338 ad
448 1266 542 1338 bene
560 1265 738 1356 be'ateque
754 1265 950 1340 vivendum
973 1264 1138 1340 auflores
1157 1267 1210 1340 vi·
1239 1333 1241 1338 .

139 1367 342 1459 debantur,
372 1369 576 1440 communia
591 1365 784 1439 tantum&
809 1366 1069 1440 convenientia
1089 1367 1212 1448 huius²

138 1487 192 1542 no
212 1465 323 1539 sensui
338 1465 578 1539 doctrinarum
596 1480 775 1560 precepta
789 1464 1002 1539 statuentes:
1029 1486 1106 1558 quae
1125 1487 1209 1542 cum

137 1587 218 1640 non
241 1570 441 1664 intelligere
456 1566 639 1640 beluinum
658 1564 764 1657 elfet,
799 1564 979 1640 intellefla
993 1579 1110 1640 tamen
1127 1587 1207 1641 non

141 1687 273 1762 agere,
317 1669 410 1740 ultra
432 1667 584 1740 beluinae
604 1667 833 1740 immanitatis
858 1665 927 1740 ello
949 1667 1083 1742 rabiem
1108 1665 1208 1740 vide·

139 1781 252 1838 retur.
303 1766 506 1841 Festinabat
529 1784 648 1842 autem
663 1769 823 1860 animus,
856 1787 932 1840 non
955 1768 1031 1841 haee
1050 1781 1206 1840 tantum·

135 1867 252 1942 modo
273 1889 397 1960 agere,
432 1889 509 1957 quae
524 1888 599 1939 non
615 1867 740 1962 egisse,
777 1867 1013 1940 &criminum
1031 1865 1117 1958 ellet
1132 1867 1206 1958 ple·-
1270 1901 1275 1912 ·

138 1985 250 2044 num,
277 1966 310 2037 u
328 1967 516 2038 dolorum:
542 1965 600 2038 fed
620 1967 717 2040 hunc
740 1967 1002 2038 tanti-muneris
1017 1965 1135 2038 Deum
1148 1987 1206 2058 pa·-

135 2081 354 2152 rentemque
376 2063 629 2162 ,cognoscere,
672 2069 727 2138 cui
754 2066 789 2140 se
812 2079 933 2139 totum
955 2064 1206 2160 ipse-debere,

133 2167 195 2240 cui
221 2165 393 2238 famulans
418 2165 686 2238 nobilitandum·
705 2162 1001 2260 seexistima'oat,
1035 2165 1079 2239 ad
1098 2183 1205 2258 quern

132 2286 283 2340 omnem
307 2264 377 2357 spei
385 2264 469 2339 fuae
495 2267 706 2361 opinionem
722 2267 894 2356 referret,
919 2267 962 2340 'in
982 2267 1082 2359 cujus
1098 2267 1204 2340 boni·

132 2379 211 2437 tate
228 2365 454 2438 inter-tantas
474 2364 697 2458 praesentium
711 2369 944 2464 negotiorum
962 2367 1202 2458 calamitates,

135 2477 316 2555 tamquam
336 2464 503 2538 tutillimo
528 2467 589 2540 libi
615 2483 727 2560 portu
749 2468 985 2560 familiarique
1003 2461 1202 2558 'requiesce-

135 2577 202 2638 ret.
254 2563 314 2636 Ad
332 2567 428 2638 laurac
445 2568 553 2662 igitur
567 2570 627 2638 vel
651 2529 944 2664 intelligendum,
971 2569 1030 2638 vel
1050 2562 1203 2662 cognof·

130 2664 306 2753 cendum,
332 2665 447 2754 lludio
463 2665 725 2762 flagrantillimo
742 2671 877 2742 animus
898 2665 1174 2738 accendebatur.

135 2811 138 2818 -
205 2789 241 2855 4
267 2763 433 2857 Namque
455 2767 576 2856 plures
598 2786 727 2838 eorum
749 2762 957 2838 numerosas
975 2765 1201 2838 incertorum

129 2861 299 2956 Deorum
326 2865 476 2944 familias
500 2865 781 2936 introducebant
792 2857 806 2935 :'
835 2863 871 2937 δι
892 2861 1032 2944 virilem
1054 2884 1097 2936 ac
1125 2879 1201 2938 mu·

128 2965 280 3038 liebrem
306 2963 426 3036 ferum
451 2965 488 3034 in
513 2963 795 3038 divinisnaturis
815 2984 920 3061 agere
936 2961 1212 3056 existimantes,-

130 3081 236 3136 ortus
252 3087 292 3136 ac
304 3061 534 3136 succellrones
547 3085 591 3138 ex
603 3057 856 3138 DiisDeorum
867 3061 1074 3139 afferebant.
1125 3059 1200 3136 Alii

127 3166 285 3257 majores
304 3186 344 3234 ac
361 3165 541 3252 minores,
569 3166 602 3236 dr
623 3163 831 3237 differentes
846 3185 914 3257 pro
930 3163 1111 3259 potestate
1124 3162 1200 3237 De·

132 3285 177 3338 os
207 3264 459 3358 praedicabant.
523 3263 705 3336 Nonnulli
731 3265 868 3337 nullum
896 3266 1047 3336 omnino
1078 3263 1199 3339 Deum

128 3363 202 3452 elle
216 3363 452 3455 affirmantes,
479 3385 556 3437 eam
576 3377 738 3457 tantum,
766 3385 843 3455 quae
858 3363 1019 3436 fortuitis
1036 3367 1198 3438 motibus
1280 3439 1284 3450 ,

130 3479 240 3558 atque
258 3464 489 3536 concursibus
508 3467 544 3536 in
562 3463 695 3555 aliquid
715 3462 915 3554 exsisteret,
942 3463 1118 3538 Naturam
1136 3487 1197 3536 ve·

128 3565 359 3640 nerabantur:
419 3561 583 3656 Plerique
604 3584 697 3637 vero
722 3563 842 3637 Deum
867 3563 1008 3654 quidem
1028 3562 1097 3637 elle
1118 3565 1198 3657 opis

129 3667 242 3738 nione
265 3665 406 3756 publica
428 3665 692 3757 loquebantur,
724 3663 782 3737 fed
797 3663 893 3736 hunc
917 3664 1081 3737 eumdem
1098 3665 1197 3736 incu-

130 3764 263 3838 riosum
277 3784 395 3835 rerum
414 3763 646 3836 humanarum
665 3784 707 3837 ac
725 3763 965 3860 negligentem
987 3764 1198 3857 pronuntia-

130 3865 228 3940 bant.
282 3862 404 3954 Aliqui
420 3879 539 3938 autem
555 3862 643 3956 ipsas
654 3865 731 3936 illas
745 3876 987 3944 creaturarum
998 3883 1194 3959 qorporeas

131 3963 461 4058 conspicabilesque
475 3964 608 4037 formas
624 3963 661 4035 in
680 3964 865 4038 elementis
880 3966 1030 4037 terrenis
1046 3963 1079 4035 dt
1097 3963 1197 4033 cele·
1228 4047 1230 4054 Ι

129 4063 239 4138 stibus
258 4064 467 4138 adorabant
520 4063 707 4138 Postremo
726 4065 866 4155 quidam
879 4065 915 4136 in
929 4062 1119 4152 simulacris
1131 4061 1197 4134 ho·

127 4167 286 4252 minum,
311 4163 507 4256 pecudum,
534 4163 710 4256 ferarum,
738 4167 950 4250 volucrum,
977 4163 1195 4266 ¹strpentum,

127 4259 233 4344 Deos
252 4264 334 4341 suos
351 4265 598 4364 collocabant,
625 4264 915 4440 {universitatis
935 4263 1132 4339 Dominum
1144 4273 1196 4334 at·

688 4387 714 4458 4
1071 4379 1143 4454 ‘lue
