2742 4959
115 184 1234 502 u

711 217 713 226 l

762 231 765 238 .

170 665 244 740 rod
377 659 413 740 S.
444 657 643 738 Hrunr'rr
669 679 732 740 nr
760 656 1038 739 Ternrrnre

154 819 165 834 '
243 845 303 915 40.
329 822 431 900 Deus
454 842 543 921 ergo
565 824 604 898 in
623 821 709 898 Deo
728 822 797 898 est:
831 822 1016 918 &inquo
1037 819 1234 925 eruens,

167 921 348 1001 Deusest.
399 919 448 998 Et
466 920 656 1017 quomodo
677 945 744 995 non
760 924 800 1024 est
814 929 904 999 Dm
922 941 1039 1021 praerer
1063 942 1115 1018 rc,
1147 948 1234 1010 cum

167 1027 207 1101 in
222 1024 355 1100 eodem
371 1020 475 1098 Deus
490 1021 561 1098 liti
596 1019 776 1120 Usurpas,
810 1045 836 1099 o
853 1025 1045 1120 heretice,
1080 1025 1125 1100 ad
1144 1047 1234 1103 con·

167 1127 356 1203 sessionem
364 1122 514 1200 solitarii
531 1119 605 1197 Dei
618 1124 748 1218 patris:
781 1128 862 1198 Non
878 1125 919 1223 ess
934 1129 1023 1197 Deus
1031 1142 1151 1223 prater
1164 1152 1234 1206 me:

156 1227 359 1320 ‘quomodo
383 1243 432 1299 ex
450 1223 708 1320 predicatione
726 1221 798 1299 Dei
814 1226 927 1318 patris
941 1226 1113 1302 dicentis:
1149 1231 1234 1305 Non

165 1327 209 1426 ps
233 1330 322 1399 Deus
337 1342 451 1418 prater
469 1339 523 1419 rr,
555 1320 688 1399 <lidum
700 1325 1016 1422 interpretaberist
1042 1326 1068 1401 fi
1087 1348 1153 1425 per
1172 1330 1234 1426 id,

165 1426 265 1521 quod
284 1422 496 1500 didiumest:
518 1425 645 1519 Nmeli
656 1428 934 1523 Doupraererm,
959 1425 1132 1501 affirmare
1143 1450 1234 1506 con·

162 1527 305 1622 tendis,
331 1548 380 1600 ne
396 1523 472 1600 Dei
489 1522 583 1601 filius
595 1523 700 1630 Deus
714 1524 784 1601 fit?
816 1521 866 1599 Et
882 1527 941 1600 cui
956 1547 1046 1624 ergo
1060 1525 1164 1602 Deus
1181 1525 1234 1604 di·

161 1628 280 1702 xerit:
305 1631 388 1700 Nm
402 1626 444 1724 efl
459 1629 547 1698 um
557 1639 674 1724 prater
690 1632 744 1698 rol
774 1625 950 1718 subiicere
969 1629 1065 1702 enim
1085 1628 1145 1702 hic
1162 1630 1234 1709 tini

162 1725 354 1823 personam
374 1725 616 1801 solitariinon
629 1726 766 1802 licebit.
816 1724 995 1802 Dominus
1017 1729 1113 1803 enim
1137 1728 1234 1806 dixit

164 1826 264 1926 regi,
295 1848 404 1921 quern
427 1826 626 1920 excitavit,
657 1847 703 1900 er
718 1824 871 1920 persona
887 1828 1054 1904 virorum
1071 1827 1234 1912 excelso·

162 1947 245 2005 rum
261 1927 509 2020 adorantium,
539 1924 576 2000 dc
589 1925 880 2021 deprecantium:
906 1929 1068 2024 Quonim
1088 1932 1125 2001 io
1140 1931 1234 2029 ηιμ

162 2031 269 2102 uns.
334 2023 540 2103 Solitarium
558 2045 617 2101 rer
641 2025 707 2102 ista
725 2046 803 2101 non
823 2025 964 2124 recipit.
1026 2031 1070 2103 ln
1087 2044 1117 2099 re
1133 2030 1233 2108 enim

160 2126 402 2226 presentem,
438 2127 556 2202 veluti
582 2125 628 2202 ed
660 2147 768 2221 quem
792 2123 836 2202 fit
863 2126 1007 2222 sermo,
1043 2126 1233 2226 significet.

161 2229 279 2324 Quod
293 2243 413 2303 autem
428 2224 603 2319 sequitur:
631 2230 673 2300 ln
685 2245 719 2300 re
734 2226 775 2327 est
790 2233 893 2320 uas,
918 2229 1233 2325 nonsolumeum,

163 2330 225 2421 qui
240 2327 392 2422 presens
410 2326 484 2417 est,
517 2323 578 2400 sed
593 2329 821 2420 erraneum,
856 2329 917 2421 qui
932 2345 1073 2404 maneat
1087 2330 1124 2402 in
1139 2348 1233 2422 prae·

158 2428 275 2519 sente,
301 2424 539 2502 demonstrat:
562 2426 785 2502 habitantem
799 2425 844 2500 ab
857 2448 917 2510 eo,
942 2428 981 2503 in
1001 2449 1074 2521 quo
1087 2427 1232 2504 habitet

160 2527 392 2619 discernens,
417 2523 579 2621 persone
593 2539 715 2602 tamen
730 2539 869 2602 tanturn
885 2526 1122 2621 distinstione,
1146 2547 1230 2607 non

159 2629 321 2726 generis3
360 2626 462 2702 Deus
485 2625 637 2700 enimin
657 2648 705 2701 eo
720 2625 790 2703 est:
823 2628 1006 2722 &inquo
1029 2629 1081 2705 est
1094 2628 1225 2722 Deus,

156 2726 261 2806 Deus
285 2728 349 2805 est.
399 2725 492 2801 Non
510 2727 607 2801 enim
627 2725 730 2804 Deus
754 2729 792 2802 in
811 2726 960 2803 diversae
977 2744 1087 2822 etque
1104 2732 1230 2803 alienae

159 2851 181 2903 a
203 2828 238 2905 se
253 2842 390 2903 naturae
410 2828 618 2903 habitaculo
638 2825 710 2922 est,
747 2828 807 2903 sed
825 2827 969 2921 infun,
1002 2845 1110 2923 atque
1126 2851 1172 2904 ex
1188 2829 1228 2904 se

157 2930 284 3029 genito
302 2943 433 3005 manet.
485 2926 588 3002 Dcus
603 2929 640 3002 in
654 2926 755 3023 Deo,
780 2930 864 3023 quia
877 2950 924 3002 ex
938 2927 1023 3003 Deo
1042 2930 1144 3006 Deus
1159 2929 1226 3009 est.

163 3036 217 3105 Ἱκ
233 3055 264 3101 es
279 3038 365 3100 enim
380 3036 488 3113 Deus,
513 3033 553 3103 U
566 3028 788 3118 nesciebamus,
813 3032 905 3101 Dens
919 3031 1017 3119 lsrael
1026 3032 1189 3119 salvator.

154 3150 291 3318 arai?
306 3125 1226 3328 illissilisisPisistl‘lrsflssill:

155 3334 334 3419 versantur
356 3335 402 3417 ei,
440 3328 482 3405 U
507 3326 603 3398 ibunt
615 3326 891 3425 cumconfufionet
926 3328 1127 3403 Decretum
1145 3330 1224 3402 hoc

151 3430 540 3523 ininpietatemtuan
557 3427 700 3505 Deiest.
737 3427 1049 3505 Adversarisenim
1060 3427 1222 3511 Christo,

152 3529 202 3604 de
225 3551 299 3621 quo
325 3547 363 3604 te
383 3528 552 3624 profesio
578 3542 736 3623 paterne
760 3532 865 3604 vocis
886 3529 1065 3626 objurgat.
1116 3528 1222 3602 Deus

152 3629 324 3722 estenim‚
350 3650 456 3723 quem
467 3625 715 3705 essetuDeum
726 3631 892 3727 denegas.
941 3626 1112 3726 Denegas
1124 3650 1223 3702 vcro

151 3723 217 3805 sub
236 3727 354 3824 specie
370 3732 523 3804 honoris
546 3728 641 3822 Dei,
667 3729 841 3805 dicentis:
866 3731 949 3803 Non
963 3729 1004 3828 efl
1019 3732 1105 3803 aliur
1129 3734 1221 3802 Deus

147 3848 268 3928 prater
291 3855 351 3905 me.
400 3829 473 3904 Sed
500 3830 726 3905 confundere
753 3832 788 3904 dr
811 3827 1000 3906 erubesce:
1036 3852 1115 3906 non
1135 3844 1221 3928 eget

150 3929 275 4005 delato
297 3952 318 4004 a
341 3943 380 4002 te
402 3928 546 4003 honore
561 3929 773 4004 innascibilis
792 3930 916 4022 Deus,
951 3932 1103 4027 gloriam
1124 3931 1222 4004 hanc

151 4044 226 4105 ate
244 4028 444 4103 solitudinis
461 4028 529 4103 suae
543 4050 620 4104 non
637 4032 817 4124 postulat,
841 4052 919 4105 non
937 4030 1112 4105 desiderat
1124 4032 1218 4102 hanc

150 4131 336 4224 opinionis
352 4144 423 4201 tue
438 4129 728 4225 intelligentiam,
754 4145 796 4203 ut
816 4132 866 4204 ob
881 4132 977 4225 hoc,
1001 4131 1101 4223 quod
1118 4128 1219 4200 dixe·

146 4231 216 4303 rit:
246 4235 328 4305 Nm
348 4229 388 4327 ιβ
402 4235 491 4301 Dens
499 4245 618 4328 praeler
631 4254 695 4317 me,
727 4249 831 4318 eum,
857 4251 962 4324 quem
978 4254 1024 4305 ex
1040 4229 1075 4303 se
1089 4226 1217 4323 'genuit

145 4323 292 4416 Deum,
323 4332 492 4431 abneges.
551 4324 613 4407 Ae
636 4351 685 4406 ne
712 4330 775 4408 sibi
794 4330 889 4427 hoc,
923 4331 969 4406 ad
984 4329 1216 4506 disirrritffitiem
