2742 4959
328 527 335 538 v

193 683 337 746 txxxrv
527 665 566 744 S.
617 651 925 745 Hrurnrr

195 839 310 906 trtem
319 827 495 905 reducere
511 825 684 912 distineri,
710 831 937 908 &ordinata
975 829 1267 927 'Expertisumur

196 949 275 1047 ipsi,
302 971 407 1046 quam
423 951 485 1025 srbi
504 964 634 1026 mutuo
651 951 785 1049 singula
806 951 1082 1050 fragmentasuo
1101 959 1187 1029 loco
1201 979 1268 1050 po·-

194 1073 262 1148 fita
277 1075 395 1148 lucrm
412 1067 577 1146 afferant
604 1133 607 1139 .
628 1067 740 1146 Certe
757 1073 842 1166 quid
859 1075 895 1148 in
916 1074 989 1146 hoc
1005 1073 1098 1146 libro
1116 1079 1217 1171 desit,
1243 1077 1269 1155 st

192 1214 275 1270 non
295 1193 489 1284 exhibent,
524 1193 736 1286 plerumque
757 1188 880 1268 saltem
897 1192 1101 1270 ostendunt.
1156 1197 1270 1271 inrer-

197 1310 282 1390 dum'
297 1311 405 1387 etiam
425 1310 509 1385 dum
532 1313 781 1387 continuatam
797 1333 915 1388 rerum
934 1314 1056 1389 seriem
1078 1337 1122 1388 ex
1138 1319 1268 1393 ordine

196 1433 402 1528 explicant,
438 1429 573 1506 sensum
597 1431 844 1508 demonstrant
863 1432 925 1533 sub
946 1435 1122 1510 mendosis
1142 1440 1265 1511 verbir

194 1551 381 1630 latentem.
436 1547 575 1626 Clarius
595 1551 751 1645 denique
767 1555 1116 1636 animointuendum
1129 1567 1266 1654 propo·

194 1687 288 1754 nunt
305 1686 425 1748 totum
439 1673 476 1747 in
490 1673 567 1747 hoe
583 1694 698 1768 opere
716 1676 879 1750 authoris
898 1678 1094 1752 consilium.

296 1795 423 1870 statim
439 1813 485 1868 ex
498 1793 701 1893 fragmento
712 1797 737 1870 1.
748 1789 910 1891 apparet,
936 1797 1111 1873 Hilarium
1123 1799 1166 1872 al>¹
1176 1795 1268 1873 Are·

101 1999 107 2004 ,
194 1915 320 1994 latensi
337 1914 495 2010 synodo,
521 1913 715 2010 curuato
739 1915 995 2013 desiderantur,
1020 1919 1118 1992 hunc
1138 1922 1267 1994 librum

192 2036 390 2116 inchoasse.
450 2031 509 2112 Ex
524 2055 599 2134 quo
615 2055 693 2112 non
711 2035 860 2114 absurde
874 2039 1037 2138 cogitare
1054 2039 1123 2122 est,
1160 2064 1201 2114 ea
1222 2041 1271 2127 ad,

193 2157 397 2258 prudisiam
422 2157 560 2236 Arolrt.
582 2151 761 2252 synodum
789 2159 1028 2234 illustrandam
1058 2163 1265 2254 pertinere,

195 2301 275 2374 quor
290 2279 335 2353 de
353 2276 570 2373 Sardicenn,
598 2301 640 2353 ac
653 2279 804 2354 solemni
823 2279 988 2353 Valentis
1006 2280 1039 2350 ἃ
1054 2280 1190 2353 Ursacii
1212 2301 1268 2354 re·

194 2397 411 2474 trasiatione
431 2397 554 2496 fragm.
577 2395 638 2473 111.
651 2393 899 2492 subjiciuntur.
950 2397 1006 2471 Er
1021 2401 1061 2471 iis
1073 2401 1166 2473 enim
1182 2398 1266 2475 attia

147 2595 152 2602 ,
196 2535 323 2615 aperte
337 2517 602 2594 demonstratur
616 2517 784 2612 iniquitas
799 2518 1002 2614 sententiar,
1024 2539 1092 2611 qua
1109 2519 1269 2594 Athana·

196 2641 266 2718 stus
281 2639 445 2743 Arelate,
472 2637 879 2735 reposteaMediolaui,
906 2637 1075 2729 Valente,
1103 2639 1269 2721 Ursacio‚

197 2761 442 2838 &Saturnino
464 2760 680 2836 authoribus
699 2759 961 2835 condemnatus
980 2756 1043 2833 est·
1096 2758 1204 2831 Unde
1230 2762 1267 2834 in

198 2883 329 2957 eodem
351 2881 474 2978 fragm.
499 2886 533 2976 §r
563 2890 618 2963 18.
643 2861 794 2978 eorum,
825 2881 893 2974 -qui
915 2878 1067 2954 sardicae
1085 2877 1267 2954 Athanasii

198 3001 461 3077 absolutionem
483 3015 750 3094 procurarunt,
791 3002 1100 3093 ¹comparationem
1132 3001 1266 3076 faciens

176 3128 180 3136 '
195 3121 354 3197 Hilarius
369 3143 449 3196 cum
463 3123 518 3202 iis,
544 3119 604 3212 qui
623 3118 772 3191 Arelate
788 3119 824 3190 in
838 3121 996 3212 ejusdem
1014 3120 1264 3214 conspirarunt

189 3243 484 3336 iiamnationem,
517 3241 582 3314 ait:
615 3237 839 3336 „Ignorasse
863 3259 933 3311 vor
956 3231 1131 3333 negabitis
1152 3240 1267 3314 Atha·

195 3364 311 3472 uafro,
338 3365 439 3456 cujus
457 3361 723 3436 damnationem
744 3361 887 3434 avobis
902 3358 1056 3442 Valens,
1081 3359 1264 3457 Ursacius,

196 3485 410 3559 Saturninus
429 3485 605 3578 exigunt,
630 3480 674 3552 rb
694 3478 804 3573 Osro,
835 3479 1052 3570 Maximino,
1077 3478 1273 3573 Juliored·'

186 3603 307 3680 'diram
337 3599 697 3678 communionemi“
734 3599 852 3706 ilinc,
887 3619 965 3691 quae
986 3597 1060 3672 srve
1083 3598 1266 3699 Luciferi,

196 3721 355 3817 Eusebii,
383 3717 857 3818 aliorumqueconfessorum
869 3721 988 3812 exilia,
1017 3719 1267 3797 srveVincen·

196 3846 239 3921 tii
255 3868 297 3920 ac
314 3843 565 3919 Fortunationi
582 3840 714 3936 lapsum
734 3837 909 3933 spetiant,
947 3839 980 3911 ἃ
1000 3841 1093 3914 inter
1115 3842 1191 3916 haec
1212 3844 1265 3914 in·

194 3965 288 4043 serta
303 3965 437 4039 Liberii
457 3955 608 4058 primum
627 3959 775 4038 fortiter
791 3957 881 4032 dieta
902 3957 1092 4055 gestaque,
1129 3982 1170 4033 ac
1188 3973 1264 4034 tan·

196 4087 278 4164 dem
291 4086 405 4183 turpis
420 4103 501 4157 cum
514 4080 656 4154 Arianis
674 4075 878 4164 consensus,
905 4079 1026 4154 haberi
1039 4079 1262 4176 meritopos·

76 4187 93 4244 .·
195 4206 276 4283 sunt
286 4202 615 4282 velutArelatensrs
626 4197 756 4293 synodi
767 4198 1058 4296 consecutiones,
1085 4216 1147 4274 aut
1157 4217 1261 4277 certe

195 4329 450 4404 inchoationes
472 4317 733 4415 Ariminroiia,
770 4320 872 4416 cujus
897 4320 979 4404 rsit·
994 4318 1077 4417 post
1098 4321 1173 4394 haec
1192 4321 1257 4396 suo

511 4460 516 4468 ·
1078 4443 1210 4517 ordine
