2742 4959
498 629 855 708 Scurra-n·
999 605 1196 702 'enm

121 794 342 896 quinare;·“
368 791 736 887 eumnihiltrrttetur‚
752 788 1192 888 quodhuicritulorperte

120 918 355 1018 respondent.
404 913 944 1007 Addimur&hoccrpitu13.,
968 913 1089 1005 inquo
1103 931 1190 1006 pre·

119 1053 300 1118 notantur
325 1037 421 1111 tituli
445 1038 529 1131 „de
551 1035 745 1110 seminante
761 1035 897 1109 bonum
913 1030 1051 1126 semen,
1078 1033 1124 1108 de
1142 1035 1192 1109 zi·

122 1161 277 1238 zruir&
294 1159 441 1251 tritico,
452 1161 481 1201 ‘⁶
503 1160 589 1232 licet
604 1158 642 1230 in
661 1154 891 1228 enarratione
904 1151 950 1228 de
968 1153 1024 1228 hir
1039 1159 1192 1253 parabo-

124 1284 256 1358 litnec
276 1280 431 1354 verbum
447 1275 521 1353 liat
572 1271 708 1351 Nescio
725 1286 859 1366 tamen,
885 1293 931 1349 en
946 1293 1021 1350 non
1035 1277 1115 1373 plur
1128 1299 1192 1353 ve·

126 1405 203 1478 lere
227 1400 358 1475 debeat
381 1399 442 1472 illa
461 1398 579 1489 ratio,
604 1407 647 1469 ut
669 1394 840 1486 elenchus
854 1394 915 1470 ille
935 1393 1075 1471 Hilario
1094 1398 1194 1494 adju.-

128 1521 293 1615 ‹licetur‚
319 1538 423 1612 quana
444 1532 486 1592 ut
500 1519 533 1592 ei
554 1491 790 1610 studicetur.
839 1510 919 1608 lpse
932 1516 1028 1590 enim
1042 1515 1105 1592 fibi
1123 1539 1193 1614 po·

127 1643 200 1718 tuit
214 1641 321 1715 initio
331 1639 493 1733 'quedem'
509 1653 733 1734 proponere,
759 1633 888 1726 quibus
898 1632 1027 1709 deinde
1041 1657 1118 1713 non
1129 1642 1194 1718 lm·

131 1761 344 1838 morrndum
372 1760 570 1854 iudicarit:
620 1776 698 1830 nou
730 1754 853 1848 potuit
890 1756 980 1829 elter
1018 1776 1064 1832 ex
1096 1759 1192 1838 illiue

130 1881 270 1978 scriptis
291 1880 355 1954 nili
376 1899 520 1971 rerum,
553 1897 632 1970 quae
652 1874 870 1968 trahantur,
896 1890 1105 1971 argumente
1120 1883 1191 1955 col·

91 2003 95 2016 “
132 2005 257 2101 ligere.
308 1999 405 2072 Hinc
421 2019 548 2094 magna
564 1997 673 2071 nobie
689 1996 858 2069 oboritur
875 1991 1041 2091 suspicio,
1067 1999 1197 2080 tituloa

131 2124 213 2198 illor
232 2121 308 2213 jrm
330 2119 457 2194 Hilarii
475 2137 558 2192 arvo
576 2120 614 2191 in
634 2114 916 2211 Evangeliorum
934 2120 1198 2215 exemplariter

132 2254 358 2339 prenotatos
378 2237 498 2331 inille,
537 2257 692 2330 quorum
707 2235 889 2312 utiliorem
908 2235 1059 2313 duceret
1078 2243 1199 2337 exple.

134 2364 331 2438 nationem.
385 2362 609 2460 Quamquam
624 2357 769 2432 enimin
785 2369 905 2432 totum
918 2357 1067 2433 Mathai
1078 2359 1199 2438 Euru-

139 2485 265 2578 gelium
288 2481 468 2575 excurrit,
495 2501 571 2554 non
587 2480 719 2576 singula
740 2495 859 2552 tamen
878 2478 971 2551 illius
989 2482 1113 2569 verba,
1139 2481 1199 2559 sed

136 2603 285 2677 serenos
306 2603 479 2675 duntaxat
497 2621 543 2674 ex
557 2599 696 2695 singulis
713 2597 891 2690 capitibus
905 2601 1032 2672 titulos
1047 2619 1200 2685 enarrat.

136 2723 251 2821 Quod
270 2723 304 2795 δι
330 2720 525 2816 Origenem
547 2734 631 2791 ante
647 2716 759 2809 ipsum
775 2715 895 2790 fecille
913 2721 1057 2811 planum
1075 2722 1126 2797 est
1153 2743 1201 2799 ex

140 2843 407 2920 commentariis
420 2841 516 2913 illius
529 2838 573 2909 ab
582 2836 721 2910 Huetio
741 2837 914 2932 vulgatis,
940 2839 1203 2933 inquiburhlr-¹

140 2967 222 3040 thei
246 2961 484 3059 Evangelium
507 2958 570 3031 sub
597 2957 706 3031 certis
726 2958 840 3032 titulis
859 2956 1063 3038 illustratur.
1114 2965 1203 3041 Hoc

141 3105 236 3160 vero
266 3086 327 3158 illa
352 3095 457 3155 aetate
488 3079 652 3153 usitatum
675 3073 867 3154 confirmat
889 3080 1134 3178 Hieronymus
1156 3086 1204 3162 de

141 3206 272 3301 Scripta
285 3204 406 3296 ·eccl.‘,
437 3200 496 3275 ubi
517 3199 546 3274 F
548 3201 815 3274 ortunatianum
831 3198 1097 3295 Aquilejenl'em
1119 3204 1205 3302 Epi-

141 3325 288 3422 scopum
300 3377 327 3422 ,‚
335 3325 373 3396 in
387 3318 585 3416 Evangelia
594 3322 708 3394 titulis
720 3320 893 3395 ordinatis
909 3323 1012 3398 brevi
1029 3327 1204 3404 &rustico

142 3448 307 3525 sermone
317 3437 806 3534 commentariorscriphlie“
816 3461 1088 3522 commemorat.
1114 3451 1207 3547 Quae

145 3571 290 3643 cunita
305 3566 385 3657 sint,
412 3562 551 3655 opinari
569 3563 670 3654 licet,
696 3562 871 3639 Hilarium
884 3567 946 3641 etsr
961 3589 1035 3641 non
1048 3566 1206 3664 ipsorum

145 3692 355 3779 titulorum,
381 3684 509 3758 saltem
521 3700 648 3755 eorum
666 3683 890 3759 collettionir
906 3685 964 3760 seu
979 3689 1103 3780 previi
1118 3690 1209 3764 indl-

146 3811 198 3884 cis
217 3806 320 3883 iuiffe
335 3806 535 3880 authorem.
586 3799 639 3874 At
653 3819 753 3877 certe
770 3824 845 3879 non
865 3812 1107 3885 recentiorem
1127 3830 1211 3885 eum

145 3929 347 4006 existimare
361 3926 524 4017 cuiquam
542 3924 783 4015 permittitur,
809 3946 915 4020 quem
936 3931 1097 4024 plerique
1121 3927 1210 4007 Msr.

146 4053 257 4127 etiam
276 4047 496 4139 antiquiores
513 4044 684 4118 exhibent
696 4041 1091 4145 lirbhacinscriptione:
1118 4047 1214 4144 „ln-

134 4174 291 4270 cipiunt
329 4166 495 4261 Capitula
531 4161 636 4239 santii
666 4164 795 4242 Hilarii
830 4167 933 4265 super
960 4172 1169 4248 Mathaeum.
1184 4166 1215 4214 “

149 4295 340 4400 Quocirca
364 4288 516 4367 eundem
533 4287 696 4406 'indicem
718 4309 799 4365 curn
821 4288 889 4368 suit
909 4292 1021 4367 titulis
1037 4293 1218 4392 integrum

1124 4413 1174 4492 ar
