2742 4959
521 631 740 712 Lien
789 627 839 710 ΙΙ.
1174 652 1220 730 ³3

225 823 261 882 α.
288 797 360 876 Sed
383 795 631 891 compellimur
647 792 955 872 hereticorum&
969 795 1217 894 blaspheman-

145 906 241 982 tium
262 902 382 994 viriis,
420 897 546 973 illicita
561 915 685 995 cgere,
711 895 819 970 ardua
837 895 1028 989 scandere,
1053 894 1216 974 ineffabi-

146 1002 360 1096 lieetoqm,
393 993 598 1075 inconcessa
615 993 837 1092 presumere.
887 995 1035 1073 Etcum
1052 995 1126 1072 sola
1143 996 1217 1074 fide

148 1102 315 1200 expleri,
339 1120 416 1192 que
434 1093 726 1191 preceptasunt,
753 1109 965 1190 oporteret,
992 1098 1143 1171 adorare
1160 1097 1215 1172 vi·

146 1205 283 1278 delicet
304 1200 469 1290 Putrem,
506 1197 726 1271 &reuereri
750 1217 830 1271 cum
853 1219 900 1270 eo
922 1193 1054 1280 silium,
1092 1189 1214 1272 studio

147 1299 284 1397 Spiritu
305 1298 505 1386 abundum
535 1298 699 1394 cogimur
718 1294 890 1370 sermonis
906 1296 1016 1370 nostri
1037 1297 1216 1374 humilita-

146 1402 284 1476 remed
309 1422 371 1491 ea,
396 1411 474 1490 quae
486 1396 733 1476 inenarrabilia
749 1393 849 1489 suot,
876 1396 1093 1487 extendere,
1121 1396 1216 1474 &iu

85 1499 87 1506 ’
146 1505 281 1576 tritium
298 1501 391 1572 vitio
411 1495 631 1571 comitemur
641 1498 777 1570 alieno:
802 1512 859 1589 ut,
885 1500 1221 1589 quaecontinenre·

143 1602 283 1697 ligione
304 1599 477 1675 mentium
499 1594 734 1693 oportuisset,
761 1616 858 1672 nunc
880 1598 917 1672 in
937 1599 1134 1692 periculum
1147 1599 1214 1674 hu·

93 1759 98 1776 ..
143 1702 243 1778 muni
260 1702 393 1792 eloquii
409 1698 648 1794 proferentur.
1228 1747 1230 1752 -

228 1824 261 1891 3.
288 1798 510 1874 Exstitetunt
526 1798 620 1876 enim
637 1797 771 1891 plures,
797 1798 856 1891 qui
874 1797 1062 1874 celestium
1078 1802 1213 1876 verbo·

141 1921 229 1976 rum
249 1898 506 1990 fimplieitatem
523 1916 591 1990 pro
616 1898 816 1970 voluntatis
833 1897 899 1971 suae
915 1897 1027 1990 sensu,
1052 1921 1127 1972 non
1143 1920 1214 1995 pro

141 1998 317 2075 veritatis
338 1995 444 2091 ipsius
463 1992 689 2070 absolutione
712 1994 950 2097 susciperent,
983 2001 1085 2086 aliter
1104 2001 1217 2072 inter·

139 2110 350 2196 pectantes,
376 2115 480 2187 quom
501 2092 675 2167 uiuorum
690 2095 805 2170 virtus
826 2094 1034 2191 postularet.
1087 2098 1146 2182 De
1161 2100 1216 2173 in·

139 2194 453 2292 teiiigentiaenim
472 2193 631 2284 haeresrs,
659 2216 735 2268 non
749 2196 793 2267 de
807 2195 1072 2290 Scripturrest:
1094 2196 1215 2274 &seo-

140 2297 229 2378 suo,
255 2314 330 2368 nou
354 2292 470 2368 sermo
488 2289 530 2367 fit
551 2294 698 2370 crimen.
748 2293 935 2386 Numquid
951 2301 1132 2393 corrumpi
1149 2322 1214 2376 ve·

144 2398 237 2471 ritas
254 2390 397 2490 potest?
424 2391 632 2488 Cumpatris
642 2416 775 2468 nomen
788 2394 942 2486 auditur,
969 2401 1140 2492 numquid
1153 2422 1214 2474 nu·

145 2511 232 2571 ture
264 2492 336 2567 filii.
359 2494 567 2567 continetur
600 2494 845 2569 innomine?
897 2495 1082 2592 Numquid
1104 2500 1226 2592 spiri·-

147 2611 212 2672 tus
227 2594 360 2669 santius
376 2615 451 2666 non
462 2594 543 2680 erit,
570 2597 630 2687 qui
645 2592 897 2688 nuncupatur?
922 2596 1053 2689 Neque
1068 2599 1215 2674 enimin

145 2695 257 2771 Patre
272 2692 391 2788 potest
406 2714 481 2766 non
501 2691 594 2783 effe,
622 2695 720 2784 quod
741 2710 843 2788 pater
864 2694 935 2783 est,
961 2717 1078 2787 neque
1098 2699 1135 2769 in
1157 2695 1215 2770 Fi·

148 2797 205 2871 iio
220 2792 349 2888 deesse,
376 2792 474 2883 quod
487 2788 580 2864 filius
596 2793 661 2885 est,
688 2814 806 2883 neque
819 2792 1215 2884 inSpjritusandionon

150 2893 303 2983 exstare,
330 2892 429 2985 quod
447 2890 604 2968 sumitur.
655 2891 726 2965 Sed
742 2893 905 2966 homines
920 2909 1040 2968 mente
1055 2895 1215 2987 perversi

150 2996 274 3074 omnia
289 2991 520 3066 confundunt
541 2989 793 3084 &implicant,
829 2993 864 3064 dr
884 3013 996 3088 qsque
1016 2995 1060 3068 ad
1078 3011 1215 3070 naturae

151 3093 435 3172 demutationem
454 3086 569 3163 sensus
578 3090 625 3166 sui
636 3091 871 3185 perversitate
883 3095 1131 3185 contendunt,
1158 3111 1214 3189 ut,

150 3196 250 3289 quod
265 3206 367 3288 puter
387 3189 458 3284 est,
484 3190 578 3264 Patri
597 3192 771 3285 adimant,
798 3193 880 3266 dum
898 3196 1030 3267 volunt
1049 3193 1138 3268 Filio
1154 3217 1217 3269 au-

150 3295 264 3385 ferre,
292 3289 497 3384 quodfilius
513 3289 573 3365 est.
625 3290 949 3382 Adimuntautem,
976 3294 1216 3386 quandocum

148 3395 208 3472 hit
218 3413 294 3468 uon
308 3393 352 3470 de
367 3407 492 3464 natura
504 3390 547 3462 sn
559 3387 663 3467 filius.
715 3389 753 3463 N
756 3412 806 3468 on
823 3412 868 3465 ex
883 3407 1008 3466 natura
1021 3408 1139 3469 autem
1151 3395 1215 3478 est,

150 3493 298 3588 quando
322 3512 399 3565 non
426 3490 548 3564 eadem
571 3491 607 3568 in
623 3489 658 3564 se
672 3491 807 3564 habent
826 3506 948 3577 ortus,
973 3494 1217 3591 degenerans.
1281 3527 1297 3546 ··

150 3592 285 3686 Neque
303 3593 398 3666 enim
418 3587 511 3664 filius
527 3589 597 3681 est,
630 3590 688 3662 cui
709 3592 774 3664 alie
793 3611 834 3663 ac
852 3590 1015 3668 disimilis
1037 3595 1105 3667 erit
1121 3616 1141 3669 a
1157 3617 1217 3689 pa·
1259 3651 1261 3656 .

150 3687 211 3768 t're
231 3690 432 3766 substantia.
483 3687 589 3761 Peter
609 3703 728 3763 eutem
746 3691 934 3781 quomodo
953 3694 1042 3785 erit,
1077 3694 1101 3767 sr
1123 3714 1217 3789 non,

204 3792 258 3963 ot}
277 3791 368 3865 inse
391 3786 589 3863 substantie
613 3804 720 3884 atque
737 3805 873 3863 naturae
890 3790 965 3890 est,
995 3795 1161 3891 genuerit
1179 3797 1218 3870 in

182 3892 232 3964 lio
1258 3911 1260 3918 ·

231 4014 266 4080 4.
293 3989 381 4063 Haec
402 3989 531 4087 igitur,
568 3990 655 4064 licet
678 4003 818 4072 mutare
834 3989 880 4064 de
900 4011 969 4083 eo,
1006 3991 1105 4087 quod
1126 3994 1219 4092 sint,

151 4091 258 4167 nullo
279 4089 392 4163 modo
409 4091 559 4180 possint,
584 4087 740 4164 afferunt
756 4107 874 4166 temen
888 4091 1069 4165 dodtrines
1085 4114 1219 4188 noves,

151 4191 190 4266 dt
216 4192 604 4266 humanacommenta:
634 4205 676 4264 ut
692 4189 865 4265 Sabeliius
888 4187 1029 4265 Patrem
1046 4194 1221 4269 extendet

146 4286 350 4381 quiiium,
377 4288 485 4380 idque
498 4291 704 4370 nominibus
716 4292 840 4388 potior
857 4286 1104 4368 confitendum
1115 4304 1221 4384 putet

202 4393 243 4466 d.
260 4389 388 4465 Hilarii
404 4378 534 4467 Tenus.
707 4475 710 4480 ,
805 4387 837 4464 C
1074 4391 1169 4490 esst,
