2742 4959
697 280 798 327 U·

183 629 250 692 avr
518 603 913 716 &struatur

183 773 273 868 iiia,
286 769 349 870 ieri
367 787 440 850 net
448 779 593 848 turena
607 771 751 866 quidam
761 771 1025 850 rationabiliter
1035 771 1158 852 dixili'e
1168 796 1258 860 con·

184 891 388 975 stituunt.“
434 887 491 966 At
503 889 591 986 nqu
602 889 795 986 spiritualia
804 890 975 971 satianter
987 897 1031 972 ab
1042 893 1119 992 ipso
1130 896 1257 980 diffen-

185 1019 292 1112 tunt,
316 1027 391 1096 tan
404 1010 568 1090 modeste
582 1033 648 1087 eoa
665 1011 730 1090 suo
740 1013 897 1109 ipsorum
905 1015 1044 1110 judicio
1059 1022 1258 1116 permittit„

94 1135 99 1142 '
183 1151 248 1234 ut,
286 1155 369 1212 eunt
391 1135 430 1210 in
452 1134 585 1211 nimina
607 1133 738 1212 littere
763 1152 1000 1226 veneratores
1023 1133 1260 1238 reclamitat,-

184 1260 260 1344 hoc
277 1273 360 1334 eurn
379 1275 456 1332 non
472 1250 614 1348 proprii
631 1251 764 1349 sensus,
790 1253 849 1330 sed
869 1259 974 1332 uniua
993 1253 1079 1356 fidei
1098 1278 1141 1334 ac
1157 1261 1254 1334 veri·

182 1380 267 1460 tatia
295 1393 420 1454 amore
444 1371 567 1452 fatere
591 1393 670 1449 non
695 1375 924 1474 ambigamus.
974 1373 1025 1455 Et
1048 1397 1143 1455 vero
1168 1400 1252 1462 euna

164 1500 378 1602 unanimum
390 1493 475 1574 fidei
491 1493 622 1572 nostru
631 1511 878 1593 argumentum
893 1497 936 1572 fit
947 1497 1156 1595 prophetia,
1181 1519 1253 1576 nee

181 1621 244 1700 illa
258 1622 379 1716 pluteo
392 1611 477 1692 fidei
491 1613 622 1694 nostra
639 1617 813 1694 veritates
833 1614 1119 1715 confirmentur,
1144 1641 1252 1716 quana

182 1739 346 1828 Psalmir3
372 1737 428 1814 hia
441 1733 528 1812 nihil
546 1736 802 1842 propheticum
819 1738 1003 1814 contineri
1015 1742 1252 1835 aequoanimo

183 1863 309 1942 audire
335 1855 498 1951 nequiit,
535 1856 594 1936 cui
621 1855 812 1936 afferenda
833 1879 876 1938 ac
902 1843 1150 1964 propagantia¹
1165 1860 1253 1946 fidei

180 1983 354 2069 sarnum
368 1977 510 2075 semper
522 1977 675 2054 studium
691 1979 770 2058 luit.

282 2100 441 2183 Hilarius
461 2099 505 2177 ad
526 2101 787 2180 enucleandum
809 2099 873 2180 sub
890 2099 1021 2180 litterae
1041 2103 1182 2182 cortice
1202 2106 1253 2184 la·

181 2238 324 2306 tentem
337 2218 489 2314 sensurn,
513 2220 817 2316 nontanrproprii
827 2223 1118 2319 ingeniiviribut,
1144 2243 1250 2316 quanr

181 2346 352 2424 oratione
383 2339 519 2422 fretur,
556 2341 711 2420 animun
740 2339 888 2433 appulit.
941 2340 1031 2416 cunr
1054 2343 1149 2420 eninr
1169 2363 1249 2422 non

179 2467 381 2564 ignoraret,
404 2455 600 2538 humanum
621 2459 805 2555 ingenium
822 2460 866 2538 ad
879 2481 921 2536 ea
934 2447 1163 2557 intelligenda
1172 2480 1250 2543 non

180 2584 358 2677 sufficere,
384 2601 461 2677 que
478 2593 539 2656 tot
555 2599 599 2655 ae
617 2581 725 2658 tantia
739 2583 964 2678 temporibus
979 2581 1145 2678 abstrusa,
1171 2596 1250 2663 tan·

181 2709 229 2786 tia
242 2704 388 2786 humani
405 2704 544 2801 generis
564 2697 717 2777 obscura
733 2704 921 2801 aetatibua,
945 2705 982 2778 in
1000 2705 1129 2802 quibus
1143 2707 1249 2783 intel·

179 2826 332 2926 ligendia
350 2822 478 2900 frustra
496 2821 617 2920 Reges
632 2823 902 2918 laboraverint,
928 2825 990 2919 ipsr
1007 2824 1188 2902 notiores
1212 2826 1248 2904 δι

180 2945 343 3045 Megistri
361 2944 575 3024 erraverint,
597 2943 659 3021 illa
675 2953 796 3022 tamen
808 2965 880 3038 ope
892 2945 1071 3024 orationis
1083 2944 1248 3024 Christia-

179 3065 236 3148 nis
260 3063 368 3158 pandi
387 3064 423 3136 ut
443 3061 573 3157 aperiri
589 3082 665 3135 non
682 3060 889 3140 dubitabatr
928 3065 1024 3144 unde
1045 3065 1078 3140 ὰ
1099 3069 1249 3146 conclu·

180 3185 252 3264 dit:
279 3181 406 3278 „Non
420 3201 508 3280 ergo
526 3200 573 3252 ex
587 3179 694 3254 nobis
714 3179 779 3274 est,
806 3183 905 3276 quod
917 3183 1161 3279 intelligimus,
1187 3185 1247 3266 sed

131 3351 134 3356 Δ
180 3327 227 3386 er
250 3325 320 3398 eo,
356 3303 439 3397 qui,
473 3320 550 3392 que
571 3300 784 3396 ignorabilia
811 3314 934 3394 erant,
970 3302 1058 3378 fecit
1083 3305 1246 3400 intelligi.

178 3425 307 3522 ltaque
323 3423 369 3500 ab
390 3441 438 3500 eo
458 3420 628 3515 speranda
644 3421 882 3517 intelligentia
896 3421 962 3518 est,
990 3424 1049 3514 qui
1063 3423 1096 3496 δι
1108 3422 1247 3518 pulsan-

177 3549 276 3630 tibus
292 3544 444 3639 aperiet,
468 3542 758 3636 &quarentibus
773 3542 1043 3636 demonstrabit,
1069 3545 1247 3639 &peten-

177 3669 276 3750 tibus
292 3687 370 3746 non
385 3663 579 3762 negabit.“
627 3662 1246 3760 Hancintelligentinrnsrbinonne·

175 3803 296 3896 garam
328 3785 491 3864 modesta
514 3780 830 3864 ista'2conleffione
858 3781 1085 3864 testificatur:
1122 3787 1244 3884 „Nos

176 3906 459 3999 uniuscujusque
484 3902 596 3982 sensui
618 3905 954 3984 noncontraimus.
1003 3908 1103 4005 Quid
1126 3923 1245 3988 autent

177 4025 374 4109 secuntum
406 4025 545 4102 donum
572 4026 694 4124 gratie
709 4018 880 4119 ‘spiritalia
904 4025 1134 4122 senserimus,
1169 4027 1243 4102 stne

179 4148 388 4240 cujusquam
405 4147 627 4223 contumelia
639 4145 878 4226 tratiebimua.
889 4148 918 4190 “
969 4131 1111 4246 Quibus
1124 4132 1244 4228 similia

177 4261 259 4348 lunt
278 4265 417 4348 isthacr
453 4264 633 4370 „Juditio
652 4287 803 4365 eorum,
841 4265 956 4368 (quos
978 4267 1142 4350 nimirum
1165 4290 1245 4380 non

409 4425 412 4430 ·
1108 4409 1194 4490 pro·
