<?xml version="1.0" encoding="UTF-8"?>
<!DOCTYPE html PUBLIC "-//W3C//DTD XHTML 1.0 Transitional//EN"
    "http://www.w3.org/TR/xhtml1/DTD/xhtml1-transitional.dtd">
<html xmlns="http://www.w3.org/1999/xhtml" xml:lang="en" lang="en">
 <head>
  <title>
</title>
<meta http-equiv="Content-Type" content="text/html;charset=utf-8" />
  <meta name='ocr-system' content='tesseract 3.04.00' />
  <meta name='ocr-capabilities' content='ocr_page ocr_carea ocr_par ocr_line ocrx_word'/>
</head>
<body>
  <div class='ocr_page' id='page_1' title='image "./operaomniasanct00librgoog/operaomniasanct00librgoog_0365.png"; bbox 0 0 2742 4959; ppageno 0'>
   <div class='ocr_carea' id='block_1_1' title="bbox 509 617 1223 722">
    <p class='ocr_par' dir='ltr' id='par_1_1' title="bbox 509 617 1223 722">
     <span class='ocr_line' id='line_1_1' title="bbox 509 617 1223 722; baseline 0.011 -26"><span class='ocrx_word' id='word_1_1' title='bbox 509 619 733 698; x_wconf 78' lang='lat' dir='ltr'>Lrare</span> <span class='ocrx_word' id='word_1_2' title='bbox 786 617 858 698; x_wconf 88' lang='lat' dir='ltr'>Vl.</span> <span class='ocrx_word' id='word_1_3' title='bbox 1153 646 1223 722; x_wconf 78' lang='lat'>175</span> 
     </span>
    </p>
   </div>
   <div class='ocr_carea' id='block_1_2' title="bbox 89 782 1223 1080">
    <p class='ocr_par' dir='ltr' id='par_1_2' title="bbox 89 782 1223 1080">
     <span class='ocr_line' id='line_1_2' title="bbox 148 782 1223 882; baseline -0.007 -14"><span class='ocrx_word' id='word_1_4' title='bbox 148 803 317 868; x_wconf 87' lang='lat' dir='ltr'>naturam</span> <span class='ocrx_word' id='word_1_5' title='bbox 334 784 519 878; x_wconf 85' lang='lat' dir='ltr'>loquitur,</span> <span class='ocrx_word' id='word_1_6' title='bbox 545 782 738 858; x_wconf 89' lang='lat' dir='ltr'>veritatem</span> <span class='ocrx_word' id='word_1_7' title='bbox 754 782 957 878; x_wconf 75' lang='lat' dir='ltr'>proprietas</span> <span class='ocrx_word' id='word_1_8' title='bbox 975 788 1153 882; x_wconf 84' lang='lat' dir='ltr'>enuntiat,</span> <span class='ocrx_word' id='word_1_9' title='bbox 1180 784 1223 860; x_wconf 85' lang='lat' dir='ltr'>fi·</span> 
     </span>
     <span class='ocr_line' id='line_1_3' title="bbox 89 883 1223 982; baseline 0.001 -17"><span class='ocrx_word' id='word_1_10' title='bbox 89 909 97 980; x_wconf 70' lang='grc' dir='ltr'>ξ</span> <span class='ocrx_word' id='word_1_11' title='bbox 150 893 234 966; x_wconf 89' lang='lat' dir='ltr'>dem</span> <span class='ocrx_word' id='word_1_12' title='bbox 251 885 424 972; x_wconf 88' lang='lat' dir='ltr'>conleffio</span> <span class='ocrx_word' id='word_1_13' title='bbox 442 883 609 959; x_wconf 83' lang='lat' dir='ltr'>testatur:</span> <span class='ocrx_word' id='word_1_14' title='bbox 635 886 903 981; x_wconf 86' lang='lat' dir='ltr'>nonintelligo,</span> <span class='ocrx_word' id='word_1_15' title='bbox 931 886 1014 978; x_wconf 88' lang='lat' dir='ltr'>quid</span> <span class='ocrx_word' id='word_1_16' title='bbox 1024 887 1103 960; x_wconf 90' lang='lat' dir='ltr'>addi</span> <span class='ocrx_word' id='word_1_17' title='bbox 1116 890 1223 982; x_wconf 80' lang='lat' dir='ltr'>pont</span> 
     </span>
     <span class='ocr_line' id='line_1_4' title="bbox 91 980 1221 1080; baseline 0.002 -16"><span class='ocrx_word' id='word_1_18' title='bbox 91 1035 97 1078; x_wconf 86' lang='lat'>·.</span> <span class='ocrx_word' id='word_1_19' title='bbox 150 994 197 1066; x_wconf 89' lang='lat' dir='ltr'>ad</span> <span class='ocrx_word' id='word_1_20' title='bbox 221 1005 383 1064; x_wconf 90' lang='lat' dir='ltr'>naturam</span> <span class='ocrx_word' id='word_1_21' title='bbox 404 981 477 1058; x_wconf 89' lang='lat' dir='ltr'>filii.</span> <span class='ocrx_word' id='word_1_22' title='bbox 527 983 624 1059; x_wconf 86' lang='lat' dir='ltr'>Nem</span> <span class='ocrx_word' id='word_1_23' title='bbox 646 986 746 1075; x_wconf 93' lang='lat' dir='ltr'>quod</span> <span class='ocrx_word' id='word_1_24' title='bbox 768 980 862 1058; x_wconf 87' lang='lat' dir='ltr'>filius</span> <span class='ocrx_word' id='word_1_25' title='bbox 879 986 954 1078; x_wconf 80' lang='lat' dir='ltr'>eJ&#39;us</span> <span class='ocrx_word' id='word_1_26' title='bbox 971 985 1041 1079; x_wconf 88' lang='lat' dir='ltr'>est,</span> <span class='ocrx_word' id='word_1_27' title='bbox 1069 991 1128 1080; x_wconf 89' lang='lat' dir='ltr'>qui</span> <span class='ocrx_word' id='word_1_28' title='bbox 1149 989 1221 1066; x_wconf 83' lang='lat' dir='ltr'>elle</span> 
     </span>
    </p>
   </div>
   <div class='ocr_carea' id='block_1_3' title="bbox 139 1082 1230 4459">
    <p class='ocr_par' dir='ltr' id='par_1_3' title="bbox 149 1082 1221 2578">
     <span class='ocr_line' id='line_1_5' title="bbox 149 1082 1221 1187; baseline -0.002 -23"><span class='ocrx_word' id='word_1_29' title='bbox 149 1107 255 1187; x_wconf 90' lang='lat' dir='ltr'>pater</span> <span class='ocrx_word' id='word_1_30' title='bbox 273 1089 453 1175; x_wconf 82' lang='lat' dir='ltr'>creditur3</span> <span class='ocrx_word' id='word_1_31' title='bbox 488 1104 565 1159; x_wconf 88' lang='lat' dir='ltr'>non</span> <span class='ocrx_word' id='word_1_32' title='bbox 585 1085 724 1158; x_wconf 88' lang='lat' dir='ltr'>incerta</span> <span class='ocrx_word' id='word_1_33' title='bbox 747 1082 940 1159; x_wconf 86' lang='lat' dir='ltr'>&amp;infirma</span> <span class='ocrx_word' id='word_1_34' title='bbox 956 1086 1038 1180; x_wconf 87' lang='lat' dir='ltr'>ille,</span> <span class='ocrx_word' id='word_1_35' title='bbox 1072 1090 1130 1179; x_wconf 92' lang='lat' dir='ltr'>qui</span> <span class='ocrx_word' id='word_1_36' title='bbox 1149 1091 1221 1162; x_wconf 89' lang='lat' dir='ltr'>ele·</span> 
     </span>
     <span class='ocr_line' id='line_1_6' title="bbox 149 1181 1220 1285; baseline -0.001 -20"><span class='ocrx_word' id='word_1_37' title='bbox 149 1191 281 1265; x_wconf 72' lang='lat' dir='ltr'>ilionis</span> <span class='ocrx_word' id='word_1_38' title='bbox 296 1186 347 1262; x_wconf 90' lang='lat' dir='ltr'>est</span> <span class='ocrx_word' id='word_1_39' title='bbox 367 1207 452 1277; x_wconf 86' lang='lat' dir='ltr'>vas,</span> <span class='ocrx_word' id='word_1_40' title='bbox 485 1186 631 1257; x_wconf 90' lang='lat' dir='ltr'>locutus</span> <span class='ocrx_word' id='word_1_41' title='bbox 655 1181 722 1258; x_wconf 90' lang='lat' dir='ltr'>est:</span> <span class='ocrx_word' id='word_1_42' title='bbox 755 1205 825 1255; x_wconf 91' lang='lat' dir='ltr'>nec</span> <span class='ocrx_word' id='word_1_43' title='bbox 842 1183 1013 1282; x_wconf 85' lang='lat' dir='ltr'>Magister</span> <span class='ocrx_word' id='word_1_44' title='bbox 1035 1191 1220 1285; x_wconf 82' lang='lat' dir='ltr'>gentium,</span> 
     </span>
     <span class='ocr_line' id='line_1_7' title="bbox 150 1281 1221 1384; baseline -0.002 -20"><span class='ocrx_word' id='word_1_45' title='bbox 150 1291 187 1364; x_wconf 68' lang='grc' dir='ltr'><strong>ἃ</strong></span> <span class='ocrx_word' id='word_1_46' title='bbox 209 1285 410 1384; x_wconf 84' lang='lat' dir='ltr'>Apostolus</span> <span class='ocrx_word' id='word_1_47' title='bbox 437 1281 567 1358; x_wconf 87' lang='lat' dir='ltr'>Christi</span> <span class='ocrx_word' id='word_1_48' title='bbox 592 1284 763 1379; x_wconf 80' lang='lat' dir='ltr'>ambigua</span> <span class='ocrx_word' id='word_1_49' title='bbox 784 1282 956 1358; x_wconf 76' lang='lat' dir='ltr'>dodlrinae</span> <span class='ocrx_word' id='word_1_50' title='bbox 974 1285 1041 1358; x_wconf 84' lang='lat' dir='ltr'>suae</span> <span class='ocrx_word' id='word_1_51' title='bbox 1056 1308 1221 1370; x_wconf 88' lang='lat' dir='ltr'>errorem</span> 
     </span>
     <span class='ocr_line' id='line_1_8' title="bbox 149 1379 1221 1481; baseline 0.002 -19"><span class='ocrx_word' id='word_1_52' title='bbox 149 1390 308 1481; x_wconf 90' lang='lat' dir='ltr'>reliquit.</span> <span class='ocrx_word' id='word_1_53' title='bbox 357 1385 456 1475; x_wconf 87' lang='lat' dir='ltr'>Scit,</span> <span class='ocrx_word' id='word_1_54' title='bbox 492 1383 552 1476; x_wconf 92' lang='lat' dir='ltr'>qui</span> <span class='ocrx_word' id='word_1_55' title='bbox 580 1382 647 1456; x_wconf 88' lang='lat' dir='ltr'>srnt</span> <span class='ocrx_word' id='word_1_56' title='bbox 669 1384 877 1477; x_wconf 89' lang='lat' dir='ltr'>adoptionis</span> <span class='ocrx_word' id='word_1_57' title='bbox 898 1379 979 1477; x_wconf 89' lang='lat' dir='ltr'>filii,</span> <span class='ocrx_word' id='word_1_58' title='bbox 1014 1387 1123 1479; x_wconf 86' lang='lat' dir='ltr'>&amp;qui</span> <span class='ocrx_word' id='word_1_59' title='bbox 1144 1391 1221 1464; x_wconf 89' lang='lat' dir='ltr'>hoc</span> 
     </span>
     <span class='ocr_line' id='line_1_9' title="bbox 151 1475 1220 1582; baseline 0.002 -18"><span class='ocrx_word' id='word_1_60' title='bbox 151 1487 241 1582; x_wconf 83' lang='lat' dir='ltr'>elle,</span> <span class='ocrx_word' id='word_1_61' title='bbox 278 1507 320 1561; x_wconf 90' lang='lat' dir='ltr'>ae</span> <span class='ocrx_word' id='word_1_62' title='bbox 339 1484 540 1579; x_wconf 86' lang='lat' dir='ltr'>nuncupari</span> <span class='ocrx_word' id='word_1_63' title='bbox 560 1475 748 1578; x_wconf 85' lang='lat' dir='ltr'>perfidem</span> <span class='ocrx_word' id='word_1_64' title='bbox 766 1485 884 1557; x_wconf 89' lang='lat' dir='ltr'>metiti</span> <span class='ocrx_word' id='word_1_65' title='bbox 897 1480 988 1562; x_wconf 88' lang='lat' dir='ltr'>sunt.</span> <span class='ocrx_word' id='word_1_66' title='bbox 1038 1487 1104 1560; x_wconf 85' lang='lat' dir='ltr'>Ait</span> <span class='ocrx_word' id='word_1_67' title='bbox 1121 1511 1220 1566; x_wconf 89' lang='lat' dir='ltr'>nam·</span> 
     </span>
     <span class='ocr_line' id='line_1_10' title="bbox 151 1583 1220 1683; baseline 0.001 -20"><span class='ocrx_word' id='word_1_68' title='bbox 151 1610 240 1682; x_wconf 84' lang='lat' dir='ltr'>que:</span> <span class='ocrx_word' id='word_1_69' title='bbox 272 1592 439 1683; x_wconf 73' lang='lat' dir='ltr'>Quotquot</span> <span class='ocrx_word' id='word_1_70' title='bbox 467 1591 553 1656; x_wconf 78' lang='lat' dir='ltr'>enim</span> <span class='ocrx_word' id='word_1_71' title='bbox 566 1583 688 1681; x_wconf 81' lang='lat' dir='ltr'>spiritu</span> <span class='ocrx_word' id='word_1_72' title='bbox 713 1586 781 1656; x_wconf 78' lang='lat' dir='ltr'>Dei</span> <span class='ocrx_word' id='word_1_73' title='bbox 803 1603 968 1677; x_wconf 77' lang='lat' dir='ltr'>aguntur,</span> <span class='ocrx_word' id='word_1_74' title='bbox 1004 1586 1120 1676; x_wconf 77' lang='lat' dir='ltr'>iifiiii</span> <span class='ocrx_word' id='word_1_75' title='bbox 1133 1589 1220 1681; x_wconf 77' lang='lat' dir='ltr'>sunt</span> 
     </span>
     <span class='ocr_line' id='line_1_11' title="bbox 152 1681 1219 1784; baseline 0.001 -22"><span class='ocrx_word' id='word_1_76' title='bbox 152 1693 228 1762; x_wconf 75' lang='lat' dir='ltr'>ner.</span> <span class='ocrx_word' id='word_1_77' title='bbox 279 1690 359 1760; x_wconf 82' lang='lat' dir='ltr'>Non</span> <span class='ocrx_word' id='word_1_78' title='bbox 373 1691 459 1756; x_wconf 78' lang='lat' dir='ltr'>mim</span> <span class='ocrx_word' id='word_1_79' title='bbox 474 1685 626 1784; x_wconf 74' lang='lat' dir='ltr'>accepistis</span> <span class='ocrx_word' id='word_1_80' title='bbox 638 1681 789 1781; x_wconf 72' lang='lat' dir='ltr'>spiritum</span> <span class='ocrx_word' id='word_1_81' title='bbox 797 1686 970 1772; x_wconf 79' lang='lat' dir='ltr'>seruitutis</span> <span class='ocrx_word' id='word_1_82' title='bbox 985 1693 1103 1758; x_wconf 85' lang='lat' dir='ltr'>iterum</span> <span class='ocrx_word' id='word_1_83' title='bbox 1119 1694 1157 1760; x_wconf 84' lang='lat' dir='ltr'>in</span> <span class='ocrx_word' id='word_1_84' title='bbox 1174 1697 1219 1763; x_wconf 82' lang='lat' dir='ltr'>ti-</span> 
     </span>
     <span class='ocr_line' id='line_1_12' title="bbox 150 1785 1219 1886; baseline -0.002 -26"><span class='ocrx_word' id='word_1_85' title='bbox 150 1811 281 1874; x_wconf 76' lang='lat' dir='ltr'>marem,</span> <span class='ocrx_word' id='word_1_86' title='bbox 299 1786 355 1877; x_wconf 80' lang='lat' dir='ltr'>sed</span> <span class='ocrx_word' id='word_1_87' title='bbox 371 1785 680 1882; x_wconf 73' lang='lat' dir='ltr'>accepistisspiritum</span> <span class='ocrx_word' id='word_1_88' title='bbox 695 1787 884 1881; x_wconf 80' lang='lat' dir='ltr'>adoptionis,</span> <span class='ocrx_word' id='word_1_89' title='bbox 909 1789 1219 1886; x_wconf 69' lang='lat' dir='ltr'>inquietaremur,</span> 
     </span>
     <span class='ocr_line' id='line_1_13' title="bbox 150 1879 1220 1981; baseline -0.009 -19"><span class='ocrx_word' id='word_1_90' title='bbox 150 1888 238 1962; x_wconf 81' lang='lat' dir='ltr'>Alia</span> <span class='ocrx_word' id='word_1_91' title='bbox 251 1903 355 1981; x_wconf 76' lang='lat' dir='ltr'>parer.</span> <span class='ocrx_word' id='word_1_92' title='bbox 406 1881 506 1958; x_wconf 88' lang='lat' dir='ltr'>Fidei</span> <span class='ocrx_word' id='word_1_93' title='bbox 521 1882 651 1958; x_wconf 88' lang='lat' dir='ltr'>nosttae</span> <span class='ocrx_word' id='word_1_94' title='bbox 670 1904 735 1976; x_wconf 87' lang='lat' dir='ltr'>per</span> <span class='ocrx_word' id='word_1_95' title='bbox 757 1879 1011 1958; x_wconf 89' lang='lat' dir='ltr'>sacramentum</span> <span class='ocrx_word' id='word_1_96' title='bbox 1029 1908 1220 1981; x_wconf 76' lang='lat' dir='ltr'>regenero.</span> 
     </span>
     <span class='ocr_line' id='line_1_14' title="bbox 150 1979 1220 2082; baseline -0.008 -21"><span class='ocrx_word' id='word_1_97' title='bbox 150 1986 265 2061; x_wconf 91' lang='lat' dir='ltr'>tionis</span> <span class='ocrx_word' id='word_1_98' title='bbox 286 1986 360 2057; x_wconf 91' lang='lat' dir='ltr'>hoc</span> <span class='ocrx_word' id='word_1_99' title='bbox 380 2003 516 2058; x_wconf 91' lang='lat' dir='ltr'>nomen</span> <span class='ocrx_word' id='word_1_100' title='bbox 533 1981 604 2056; x_wconf 75' lang='lat' dir='ltr'>ests</span> <span class='ocrx_word' id='word_1_101' title='bbox 629 1983 664 2054; x_wconf 76' lang='grc' dir='ltr'>δι</span> <span class='ocrx_word' id='word_1_102' title='bbox 686 1979 856 2074; x_wconf 81' lang='lat' dir='ltr'>proteffio</span> <span class='ocrx_word' id='word_1_103' title='bbox 877 1982 998 2058; x_wconf 91' lang='lat' dir='ltr'>nostra</span> <span class='ocrx_word' id='word_1_104' title='bbox 1013 1989 1118 2059; x_wconf 89' lang='lat' dir='ltr'>nobis</span> <span class='ocrx_word' id='word_1_105' title='bbox 1130 2011 1220 2082; x_wconf 86' lang='lat' dir='ltr'>prae.</span> 
     </span>
     <span class='ocr_line' id='line_1_15' title="bbox 150 2077 1220 2178; baseline 0.006 -19"><span class='ocrx_word' id='word_1_106' title='bbox 150 2087 219 2160; x_wconf 86' lang='lat' dir='ltr'>stat</span> <span class='ocrx_word' id='word_1_107' title='bbox 245 2083 492 2178; x_wconf 82' lang='lat' dir='ltr'>adoptionem.</span> <span class='ocrx_word' id='word_1_108' title='bbox 540 2077 654 2155; x_wconf 87' lang='lat' dir='ltr'>Filios</span> <span class='ocrx_word' id='word_1_109' title='bbox 678 2082 773 2156; x_wconf 87' lang='lat' dir='ltr'>enim</span> <span class='ocrx_word' id='word_1_110' title='bbox 792 2080 865 2156; x_wconf 88' lang='lat' dir='ltr'>Dei</span> <span class='ocrx_word' id='word_1_111' title='bbox 889 2099 1001 2176; x_wconf 89' lang='lat' dir='ltr'>opera</span> <span class='ocrx_word' id='word_1_112' title='bbox 1024 2083 1220 2166; x_wconf 86' lang='lat' dir='ltr'>secundum</span> 
     </span>
     <span class='ocr_line' id='line_1_16' title="bbox 150 2180 1220 2280; baseline 0.003 -20"><span class='ocrx_word' id='word_1_113' title='bbox 150 2182 311 2280; x_wconf 85' lang='lat' dir='ltr'>spiritum</span> <span class='ocrx_word' id='word_1_114' title='bbox 325 2182 397 2258; x_wconf 87' lang='lat' dir='ltr'>Dei</span> <span class='ocrx_word' id='word_1_115' title='bbox 410 2180 506 2280; x_wconf 84' lang='lat' dir='ltr'>gesta</span> <span class='ocrx_word' id='word_1_116' title='bbox 522 2194 823 2275; x_wconf 83' lang='lat' dir='ltr'>connuncupant:</span> <span class='ocrx_word' id='word_1_117' title='bbox 849 2181 1096 2259; x_wconf 89' lang='lat' dir='ltr'>&amp;clamatura</span> <span class='ocrx_word' id='word_1_118' title='bbox 1109 2190 1220 2264; x_wconf 84' lang='lat' dir='ltr'>nobis</span> 
     </span>
     <span class='ocr_line' id='line_1_17' title="bbox 151 2285 1218 2383; baseline 0.007 -25"><span class='ocrx_word' id='word_1_119' title='bbox 151 2285 277 2383; x_wconf 86' lang='lat' dir='ltr'>potius</span> <span class='ocrx_word' id='word_1_120' title='bbox 289 2285 376 2356; x_wconf 68' lang='grc' dir='ltr'>Αὺῠα</span> <span class='ocrx_word' id='word_1_121' title='bbox 384 2300 490 2381; x_wconf 77' lang='lat' dir='ltr'>perer,</span> <span class='ocrx_word' id='word_1_122' title='bbox 517 2301 621 2375; x_wconf 90' lang='lat' dir='ltr'>quam</span> <span class='ocrx_word' id='word_1_123' title='bbox 638 2297 833 2356; x_wconf 83' lang='lat' dir='ltr'>exnatutae</span> <span class='ocrx_word' id='word_1_124' title='bbox 846 2289 1218 2382; x_wconf 87' lang='lat' dir='ltr'>manetptoprietate;</span> 
     </span>
     <span class='ocr_line' id='line_1_18' title="bbox 153 2381 1219 2484; baseline 0.009 -28"><span class='ocrx_word' id='word_1_125' title='bbox 153 2387 235 2478; x_wconf 90' lang='lat' dir='ltr'>quia</span> <span class='ocrx_word' id='word_1_126' title='bbox 251 2402 353 2458; x_wconf 81' lang='lat' dir='ltr'>entra</span> <span class='ocrx_word' id='word_1_127' title='bbox 369 2401 505 2456; x_wconf 83' lang='lat' dir='ltr'>naturae</span> <span class='ocrx_word' id='word_1_128' title='bbox 522 2383 785 2477; x_wconf 78' lang='lat' dir='ltr'>proprietatem</span> <span class='ocrx_word' id='word_1_129' title='bbox 798 2381 851 2458; x_wconf 88' lang='lat' dir='ltr'>est</span> <span class='ocrx_word' id='word_1_130' title='bbox 862 2385 968 2458; x_wconf 93' lang='lat' dir='ltr'>vocis</span> <span class='ocrx_word' id='word_1_131' title='bbox 983 2381 1156 2484; x_wconf 91' lang='lat' dir='ltr'>officium,</span> <span class='ocrx_word' id='word_1_132' title='bbox 1183 2392 1219 2466; x_wconf 75' lang='grc' dir='ltr'>δι</span> 
     </span>
     <span class='ocr_line' id='line_1_19' title="bbox 151 2479 740 2578; baseline 0.002 -19"><span class='ocrx_word' id='word_1_133' title='bbox 151 2483 243 2578; x_wconf 89' lang='lat' dir='ltr'>dici,</span> <span class='ocrx_word' id='word_1_134' title='bbox 270 2499 378 2576; x_wconf 88' lang='lat' dir='ltr'>atque</span> <span class='ocrx_word' id='word_1_135' title='bbox 394 2484 464 2558; x_wconf 81' lang='lat' dir='ltr'>elle</span> <span class='ocrx_word' id='word_1_136' title='bbox 479 2504 556 2558; x_wconf 91' lang='lat' dir='ltr'>non</span> <span class='ocrx_word' id='word_1_137' title='bbox 568 2483 663 2558; x_wconf 91' lang='lat' dir='ltr'>idem</span> <span class='ocrx_word' id='word_1_138' title='bbox 678 2479 740 2560; x_wconf 82' lang='lat' dir='ltr'>est.</span> 
     </span>
    </p>

    <p class='ocr_par' dir='ltr' id='par_1_4' title="bbox 139 2578 1230 4379">
     <span class='ocr_line' id='line_1_20' title="bbox 222 2578 1216 2684; baseline 0.006 -28"><span class='ocrx_word' id='word_1_139' title='bbox 222 2605 283 2674; x_wconf 81' lang='lat'>45.</span> <span class='ocrx_word' id='word_1_140' title='bbox 308 2585 362 2656; x_wconf 88' lang='lat' dir='ltr'>At</span> <span class='ocrx_word' id='word_1_141' title='bbox 380 2605 497 2676; x_wconf 83' lang='lat' dir='ltr'>vero,</span> <span class='ocrx_word' id='word_1_142' title='bbox 523 2605 602 2675; x_wconf 84' lang='lat' dir='ltr'>quae</span> <span class='ocrx_word' id='word_1_143' title='bbox 620 2582 666 2656; x_wconf 92' lang='lat' dir='ltr'>de</span> <span class='ocrx_word' id='word_1_144' title='bbox 683 2579 761 2656; x_wconf 89' lang='lat' dir='ltr'>filio</span> <span class='ocrx_word' id='word_1_145' title='bbox 780 2579 852 2656; x_wconf 90' lang='lat' dir='ltr'>Dei</span> <span class='ocrx_word' id='word_1_146' title='bbox 870 2579 1038 2678; x_wconf 89' lang='lat' dir='ltr'>Apostoli</span> <span class='ocrx_word' id='word_1_147' title='bbox 1055 2578 1143 2662; x_wconf 91' lang='lat' dir='ltr'>fides</span> <span class='ocrx_word' id='word_1_148' title='bbox 1158 2589 1216 2684; x_wconf 82' lang='lat' dir='ltr'>sit,</span> 
     </span>
     <span class='ocr_line' id='line_1_21' title="bbox 147 2682 1219 2780; baseline -0.007 -22"><span class='ocrx_word' id='word_1_149' title='bbox 147 2684 399 2780; x_wconf 85' lang='lat' dir='ltr'>intelligamus.</span> <span class='ocrx_word' id='word_1_150' title='bbox 448 2682 641 2756; x_wconf 88' lang='lat' dir='ltr'>Nemeum</span> <span class='ocrx_word' id='word_1_151' title='bbox 659 2685 778 2773; x_wconf 86' lang='lat' dir='ltr'>omni,</span> <span class='ocrx_word' id='word_1_152' title='bbox 813 2703 918 2773; x_wconf 89' lang='lat' dir='ltr'>quem</span> <span class='ocrx_word' id='word_1_153' title='bbox 943 2685 1069 2758; x_wconf 90' lang='lat' dir='ltr'>habuit</span> <span class='ocrx_word' id='word_1_154' title='bbox 1085 2688 1129 2759; x_wconf 92' lang='lat' dir='ltr'>ad</span> <span class='ocrx_word' id='word_1_155' title='bbox 1146 2687 1219 2762; x_wconf 84' lang='lat' dir='ltr'>Ec.</span> 
     </span>
     <span class='ocr_line' id='line_1_22' title="bbox 147 2778 1217 2872; baseline 0.006 -15"><span class='ocrx_word' id='word_1_156' title='bbox 147 2784 260 2857; x_wconf 81' lang='lat' dir='ltr'>clestae</span> <span class='ocrx_word' id='word_1_157' title='bbox 286 2781 485 2854; x_wconf 78' lang='lat' dir='ltr'>dodirinam</span> <span class='ocrx_word' id='word_1_158' title='bbox 509 2778 735 2872; x_wconf 87' lang='lat' dir='ltr'>sermonem,</span> <span class='ocrx_word' id='word_1_159' title='bbox 772 2798 964 2871; x_wconf 86' lang='lat' dir='ltr'>numquam</span> <span class='ocrx_word' id='word_1_160' title='bbox 982 2783 1121 2858; x_wconf 88' lang='lat' dir='ltr'>Patrem</span> <span class='ocrx_word' id='word_1_161' title='bbox 1141 2786 1217 2864; x_wconf 87' lang='lat' dir='ltr'>fine</span> 
     </span>
     <span class='ocr_line' id='line_1_23' title="bbox 143 2877 1219 2971; baseline 0.005 -14"><span class='ocrx_word' id='word_1_162' title='bbox 143 2882 227 2959; x_wconf 89' lang='lat' dir='ltr'>Filii</span> <span class='ocrx_word' id='word_1_163' title='bbox 246 2877 711 2971; x_wconf 80' lang='lat' dir='ltr'>confeslioneloqueretur3</span> <span class='ocrx_word' id='word_1_164' title='bbox 739 2891 871 2964; x_wconf 87' lang='lat' dir='ltr'>tamen,</span> <span class='ocrx_word' id='word_1_165' title='bbox 896 2886 1219 2961; x_wconf 87' lang='lat' dir='ltr'>utveritatemno·</span> 
     </span>
     <span class='ocr_line' id='line_1_24' title="bbox 141 2972 1218 3084; baseline 0.001 -32"><span class='ocrx_word' id='word_1_166' title='bbox 141 2983 250 3059; x_wconf 88' lang='lat' dir='ltr'>minis</span> <span class='ocrx_word' id='word_1_167' title='bbox 266 2981 390 3072; x_wconf 73' lang='lat' dir='ltr'>hujus,</span> <span class='ocrx_word' id='word_1_168' title='bbox 423 2993 556 3070; x_wconf 87' lang='lat' dir='ltr'>quanta</span> <span class='ocrx_word' id='word_1_169' title='bbox 581 2972 717 3072; x_wconf 83' lang='lat' dir='ltr'>posset,</span> <span class='ocrx_word' id='word_1_170' title='bbox 743 2979 888 3054; x_wconf 84' lang='lat' dir='ltr'>humani</span> <span class='ocrx_word' id='word_1_171' title='bbox 902 2978 1073 3057; x_wconf 88' lang='lat' dir='ltr'>sermonis</span> <span class='ocrx_word' id='word_1_172' title='bbox 1089 2985 1218 3084; x_wconf 78' lang='lat' dir='ltr'>signifi.</span> 
     </span>
     <span class='ocr_line' id='line_1_25' title="bbox 144 3077 1217 3185; baseline 0.001 -28"><span class='ocrx_word' id='word_1_173' title='bbox 144 3084 295 3158; x_wconf 90' lang='lat' dir='ltr'>catione</span> <span class='ocrx_word' id='word_1_174' title='bbox 322 3077 557 3161; x_wconf 87' lang='lat' dir='ltr'>monstraret,</span> <span class='ocrx_word' id='word_1_175' title='bbox 595 3080 662 3153; x_wconf 83' lang='lat' dir='ltr'>ait:</span> <span class='ocrx_word' id='word_1_176' title='bbox 700 3082 846 3173; x_wconf 73' lang='lat' dir='ltr'>Quidni</span> <span class='ocrx_word' id='word_1_177' title='bbox 870 3082 955 3155; x_wconf 73' lang='lat' dir='ltr'>hac?</span> <span class='ocrx_word' id='word_1_178' title='bbox 991 3083 1031 3156; x_wconf 92' lang='lat' dir='ltr'>Si</span> <span class='ocrx_word' id='word_1_179' title='bbox 1050 3085 1140 3157; x_wconf 76' lang='lat' dir='ltr'>Deua</span> <span class='ocrx_word' id='word_1_180' title='bbox 1156 3111 1217 3185; x_wconf 81' lang='lat' dir='ltr'>pru</span> 
     </span>
     <span class='ocr_line' id='line_1_26' title="bbox 142 3173 1216 3282; baseline 0.004 -24"><span class='ocrx_word' id='word_1_181' title='bbox 142 3186 253 3270; x_wconf 76' lang='lat' dir='ltr'>erodis,</span> <span class='ocrx_word' id='word_1_182' title='bbox 280 3185 354 3281; x_wconf 80' lang='lat' dir='ltr'>quis</span> <span class='ocrx_word' id='word_1_183' title='bbox 372 3197 484 3252; x_wconf 82' lang='lat' dir='ltr'>contro</span> <span class='ocrx_word' id='word_1_184' title='bbox 500 3173 581 3254; x_wconf 74' lang='lat' dir='ltr'>mr?</span> <span class='ocrx_word' id='word_1_185' title='bbox 605 3182 757 3274; x_wconf 73' lang='lat' dir='ltr'>Quiftiio</span> <span class='ocrx_word' id='word_1_186' title='bbox 774 3187 900 3278; x_wconf 80' lang='lat' dir='ltr'>proprio</span> <span class='ocrx_word' id='word_1_187' title='bbox 914 3207 980 3256; x_wconf 84' lang='lat' dir='ltr'>non</span> <span class='ocrx_word' id='word_1_188' title='bbox 990 3193 1137 3282; x_wconf 69' lang='lat' dir='ltr'>pepercit,</span> <span class='ocrx_word' id='word_1_189' title='bbox 1158 3191 1216 3278; x_wconf 82' lang='lat' dir='ltr'>sed</span> 
     </span>
     <span class='ocr_line' id='line_1_27' title="bbox 139 3277 1216 3378; baseline 0.004 -19"><span class='ocrx_word' id='word_1_190' title='bbox 139 3288 283 3359; x_wconf 73' lang='lat' dir='ltr'>tradidit</span> <span class='ocrx_word' id='word_1_191' title='bbox 298 3302 434 3378; x_wconf 80' lang='lat' dir='ltr'>cumpro</span> <span class='ocrx_word' id='word_1_192' title='bbox 447 3281 549 3356; x_wconf 75' lang='lat' dir='ltr'>trabis.</span> <span class='ocrx_word' id='word_1_193' title='bbox 589 3277 776 3372; x_wconf 88' lang='lat' dir='ltr'>Numquid</span> <span class='ocrx_word' id='word_1_194' title='bbox 794 3301 875 3356; x_wconf 91' lang='lat' dir='ltr'>nam</span> <span class='ocrx_word' id='word_1_195' title='bbox 891 3285 1107 3360; x_wconf 87' lang='lat' dir='ltr'>etiamnunc</span> <span class='ocrx_word' id='word_1_196' title='bbox 1127 3290 1216 3363; x_wconf 88' lang='lat' dir='ltr'>ado·</span> 
     </span>
     <span class='ocr_line' id='line_1_28' title="bbox 139 3382 1214 3482; baseline 0.006 -24"><span class='ocrx_word' id='word_1_197' title='bbox 139 3385 280 3482; x_wconf 91' lang='lat' dir='ltr'>ptionis</span> <span class='ocrx_word' id='word_1_198' title='bbox 296 3387 333 3456; x_wconf 93' lang='lat' dir='ltr'>in</span> <span class='ocrx_word' id='word_1_199' title='bbox 355 3404 402 3456; x_wconf 88' lang='lat' dir='ltr'>eo</span> <span class='ocrx_word' id='word_1_200' title='bbox 420 3383 490 3457; x_wconf 89' lang='lat' dir='ltr'>erit</span> <span class='ocrx_word' id='word_1_201' title='bbox 504 3382 743 3473; x_wconf 82' lang='lat' dir='ltr'>nuncupatio,</span> <span class='ocrx_word' id='word_1_202' title='bbox 770 3382 809 3454; x_wconf 94' lang='lat' dir='ltr'>in</span> <span class='ocrx_word' id='word_1_203' title='bbox 826 3403 900 3474; x_wconf 94' lang='lat' dir='ltr'>quo</span> <span class='ocrx_word' id='word_1_204' title='bbox 914 3389 1146 3477; x_wconf 89' lang='lat' dir='ltr'>proprietatis</span> <span class='ocrx_word' id='word_1_205' title='bbox 1161 3387 1214 3465; x_wconf 84' lang='lat' dir='ltr'>est</span> 
     </span>
     <span class='ocr_line' id='line_1_29' title="bbox 141 3480 1213 3582; baseline 0.006 -24"><span class='ocrx_word' id='word_1_206' title='bbox 141 3484 306 3559; x_wconf 81' lang='lat' dir='ltr'>nornen?</span> <span class='ocrx_word' id='word_1_207' title='bbox 340 3481 541 3577; x_wconf 84' lang='lat' dir='ltr'>Apostolus</span> <span class='ocrx_word' id='word_1_208' title='bbox 563 3483 659 3554; x_wconf 88' lang='lat' dir='ltr'>enim</span> <span class='ocrx_word' id='word_1_209' title='bbox 680 3480 814 3554; x_wconf 89' lang='lat' dir='ltr'>volens</span> <span class='ocrx_word' id='word_1_210' title='bbox 838 3485 1022 3559; x_wconf 88' lang='lat' dir='ltr'>caritatem</span> <span class='ocrx_word' id='word_1_211' title='bbox 1040 3505 1124 3582; x_wconf 84' lang='lat' dir='ltr'>erga</span> <span class='ocrx_word' id='word_1_212' title='bbox 1140 3508 1213 3563; x_wconf 80' lang='lat' dir='ltr'>nos</span> 
     </span>
     <span class='ocr_line' id='line_1_30' title="bbox 139 3577 1213 3678; baseline 0.004 -18"><span class='ocrx_word' id='word_1_213' title='bbox 139 3585 218 3660; x_wconf 91' lang='lat' dir='ltr'>Dei</span> <span class='ocrx_word' id='word_1_214' title='bbox 245 3584 456 3678; x_wconf 87' lang='lat' dir='ltr'>ostendere,</span> <span class='ocrx_word' id='word_1_215' title='bbox 490 3596 533 3654; x_wconf 93' lang='lat' dir='ltr'>ut</span> <span class='ocrx_word' id='word_1_216' title='bbox 552 3577 818 3677; x_wconf 86' lang='lat' dir='ltr'>magnificentia</span> <span class='ocrx_word' id='word_1_217' title='bbox 843 3580 917 3655; x_wconf 89' lang='lat' dir='ltr'>Dei</span> <span class='ocrx_word' id='word_1_218' title='bbox 943 3584 1142 3664; x_wconf 80' lang='lat' dir='ltr'>diledlionis</span> <span class='ocrx_word' id='word_1_219' title='bbox 1164 3608 1213 3664; x_wconf 85' lang='lat' dir='ltr'>ex</span> 
     </span>
     <span class='ocr_line' id='line_1_31' title="bbox 140 3677 1214 3780; baseline 0.004 -20"><span class='ocrx_word' id='word_1_220' title='bbox 140 3686 425 3774; x_wconf 89' lang='lat' dir='ltr'>comparationis</span> <span class='ocrx_word' id='word_1_221' title='bbox 461 3702 597 3776; x_wconf 82' lang='lat' dir='ltr'>genere</span> <span class='ocrx_word' id='word_1_222' title='bbox 630 3677 864 3774; x_wconf 87' lang='lat' dir='ltr'>nosceretur,</span> <span class='ocrx_word' id='word_1_223' title='bbox 905 3705 982 3756; x_wconf 91' lang='lat' dir='ltr'>non</span> <span class='ocrx_word' id='word_1_224' title='bbox 1016 3689 1214 3780; x_wconf 84' lang='lat' dir='ltr'>pepercille</span> 
     </span>
     <span class='ocr_line' id='line_1_32' title="bbox 141 3779 1213 3880; baseline 0.003 -21"><span class='ocrx_word' id='word_1_225' title='bbox 141 3783 266 3859; x_wconf 91' lang='lat' dir='ltr'>Deum</span> <span class='ocrx_word' id='word_1_226' title='bbox 285 3785 437 3875; x_wconf 89' lang='lat' dir='ltr'>proprio</span> <span class='ocrx_word' id='word_1_227' title='bbox 453 3779 531 3856; x_wconf 85' lang='lat' dir='ltr'>filio</span> <span class='ocrx_word' id='word_1_228' title='bbox 547 3779 613 3856; x_wconf 88' lang='lat' dir='ltr'>suo</span> <span class='ocrx_word' id='word_1_229' title='bbox 630 3782 774 3854; x_wconf 90' lang='lat' dir='ltr'>docuit:</span> <span class='ocrx_word' id='word_1_230' title='bbox 801 3802 877 3855; x_wconf 92' lang='lat' dir='ltr'>non</span> <span class='ocrx_word' id='word_1_231' title='bbox 892 3786 1017 3876; x_wconf 91' lang='lat' dir='ltr'>utique</span> <span class='ocrx_word' id='word_1_232' title='bbox 1038 3809 1108 3880; x_wconf 88' lang='lat' dir='ltr'>pro</span> <span class='ocrx_word' id='word_1_233' title='bbox 1124 3789 1213 3862; x_wconf 91' lang='lat' dir='ltr'>ado-</span> 
     </span>
     <span class='ocr_line' id='line_1_33' title="bbox 141 3882 1213 3980; baseline 0.006 -24"><span class='ocrx_word' id='word_1_234' title='bbox 141 3883 287 3980; x_wconf 89' lang='lat' dir='ltr'>ptandis</span> <span class='ocrx_word' id='word_1_235' title='bbox 312 3882 510 3975; x_wconf 89' lang='lat' dir='ltr'>adoptato,</span> <span class='ocrx_word' id='word_1_236' title='bbox 543 3901 663 3974; x_wconf 91' lang='lat' dir='ltr'>neque</span> <span class='ocrx_word' id='word_1_237' title='bbox 683 3901 753 3975; x_wconf 90' lang='lat' dir='ltr'>pro</span> <span class='ocrx_word' id='word_1_238' title='bbox 776 3884 904 3955; x_wconf 89' lang='lat' dir='ltr'>creatis</span> <span class='ocrx_word' id='word_1_239' title='bbox 926 3900 1118 3980; x_wconf 73' lang='lat' dir='ltr'>creature,</span> <span class='ocrx_word' id='word_1_240' title='bbox 1152 3888 1213 3963; x_wconf 91' lang='lat' dir='ltr'>sed</span> 
     </span>
     <span class='ocr_line' id='line_1_34' title="bbox 142 3979 1211 4085; baseline 0.006 -31"><span class='ocrx_word' id='word_1_241' title='bbox 142 4004 215 4079; x_wconf 89' lang='lat' dir='ltr'>pro</span> <span class='ocrx_word' id='word_1_242' title='bbox 239 3982 362 4054; x_wconf 85' lang='lat' dir='ltr'>alienis</span> <span class='ocrx_word' id='word_1_243' title='bbox 382 3979 466 4075; x_wconf 86' lang='lat' dir='ltr'>suo,</span> <span class='ocrx_word' id='word_1_244' title='bbox 496 4002 565 4076; x_wconf 92' lang='lat' dir='ltr'>pro</span> <span class='ocrx_word' id='word_1_245' title='bbox 585 3983 834 4073; x_wconf 85' lang='lat' dir='ltr'>nuncupandis</span> <span class='ocrx_word' id='word_1_246' title='bbox 858 3990 1021 4078; x_wconf 88' lang='lat' dir='ltr'>proprio.</span> <span class='ocrx_word' id='word_1_247' title='bbox 1076 3992 1211 4085; x_wconf 86' lang='lat' dir='ltr'>Quaere</span> 
     </span>
     <span class='ocr_line' id='line_1_35' title="bbox 142 4080 1212 4182; baseline 0.007 -26"><span class='ocrx_word' id='word_1_248' title='bbox 142 4085 320 4156; x_wconf 83' lang='lat' dir='ltr'>virtutem</span> <span class='ocrx_word' id='word_1_249' title='bbox 337 4080 443 4168; x_wconf 76' lang='lat' dir='ltr'>dini,</span> <span class='ocrx_word' id='word_1_250' title='bbox 477 4097 520 4154; x_wconf 94' lang='lat' dir='ltr'>ut</span> <span class='ocrx_word' id='word_1_251' title='bbox 539 4083 819 4178; x_wconf 85' lang='lat' dir='ltr'>magnitudinem</span> <span class='ocrx_word' id='word_1_252' title='bbox 838 4085 995 4156; x_wconf 89' lang='lat' dir='ltr'>caritatis</span> <span class='ocrx_word' id='word_1_253' title='bbox 1020 4086 1212 4182; x_wconf 85' lang='lat' dir='ltr'>intelligas.</span> 
     </span>
     <span class='ocr_line' id='line_1_36' title="bbox 142 4182 1211 4281; baseline 0.009 -27"><span class='ocrx_word' id='word_1_254' title='bbox 142 4184 244 4281; x_wconf 92' lang='lat' dir='ltr'>Quid</span> <span class='ocrx_word' id='word_1_255' title='bbox 261 4183 302 4256; x_wconf 81' lang='lat' dir='ltr'>stt</span> <span class='ocrx_word' id='word_1_256' title='bbox 321 4182 529 4274; x_wconf 89' lang='lat' dir='ltr'>proprium,</span> <span class='ocrx_word' id='word_1_257' title='bbox 562 4186 748 4275; x_wconf 81' lang='lat' dir='ltr'>expende,</span> <span class='ocrx_word' id='word_1_258' title='bbox 781 4204 828 4256; x_wconf 92' lang='lat' dir='ltr'>ne</span> <span class='ocrx_word' id='word_1_259' title='bbox 844 4186 991 4278; x_wconf 86' lang='lat' dir='ltr'>ignores</span> <span class='ocrx_word' id='word_1_260' title='bbox 1008 4188 1211 4264; x_wconf 89' lang='lat' dir='ltr'>veritatem.</span> 
     </span>
     <span class='ocr_line' id='line_1_37' title="bbox 142 4278 1230 4379; baseline 0 -18"><span class='ocrx_word' id='word_1_261' title='bbox 142 4281 257 4361; x_wconf 85' lang='lat' dir='ltr'>Nunc</span> <span class='ocrx_word' id='word_1_262' title='bbox 279 4285 374 4359; x_wconf 89' lang='lat' dir='ltr'>eninr</span> <span class='ocrx_word' id='word_1_263' title='bbox 393 4278 598 4377; x_wconf 85' lang='lat' dir='ltr'>Apostolus</span> <span class='ocrx_word' id='word_1_264' title='bbox 618 4285 808 4378; x_wconf 87' lang='lat' dir='ltr'>proprium</span> <span class='ocrx_word' id='word_1_265' title='bbox 825 4284 874 4360; x_wconf 87' lang='lat' dir='ltr'>ait</span> <span class='ocrx_word' id='word_1_266' title='bbox 900 4281 1039 4379; x_wconf 74' lang='lat' dir='ltr'>filium,</span> <span class='ocrx_word' id='word_1_267' title='bbox 1070 4307 1160 4358; x_wconf 81' lang='lat' dir='ltr'>eum</span> <span class='ocrx_word' id='word_1_268' title='bbox 1177 4291 1230 4362; x_wconf 71' lang='lat' dir='ltr'>‘m</span> 
     </span>
    </p>

    <p class='ocr_par' dir='ltr' id='par_1_5' title="bbox 1060 4385 1200 4459">
     <span class='ocr_line' id='line_1_38' title="bbox 1060 4385 1200 4459; baseline -0.036 0"><span class='ocrx_word' id='word_1_269' title='bbox 1060 4385 1200 4459; x_wconf 56' lang='lat' dir='ltr'>munitus</span> 
     </span>
    </p>
   </div>
   <div class='ocr_carea' id='block_1_4' title="bbox 0 0 1376 4959">
    <p class='ocr_par' dir='ltr' id='par_1_6' title="bbox 0 0 1376 4959">
     <span class='ocr_line' id='line_1_39' title="bbox 0 0 1376 4959; baseline 0 1"><span class='ocrx_word' id='word_1_270' title='bbox 0 0 1376 4959; x_wconf 95' lang='lat' dir='ltr'> </span> 
     </span>
    </p>
   </div>
  </div>
 </body>
</html>
