2742 4959
145 678 269 740 mur
486 651 882 738 Siluunnrr

250 819 294 898 ld
309 831 470 920 rmum,
495 815 547 892 ιιι
560 825 657 912 opua
673 815 905 902 intermiffirm
924 817 1048 916 millia,
1074 837 1117 900 ut
1138 831 1220 924 plur

151 939 346 1030 inali'or
365 915 668 1016 allucinatio
694 937 862 1088 detmtua
890 939 1068 1018 decimum
1088 947 1217 1028 librum

150 1063 455 1258 ιΜιεὲῗιῑιιιιπ
442 1175 539 1256 iuX.
551 1179 668 1256 libror
686 1179 862 1257 Hilarium
876 1195 996 1256 totum
1013 1201 1110 1280 apua
1119 1184 1219 1263 suum

152 1299 377 1395 umibmffe,
403 1311 512 1393 atque
521 1299 570 1378 fic
580 1299 773 1377 duodecim
783 1302 996 1402 Quintiliani
1010 1303 1125 1376 libror
1135 1304 1218 1379 stilo

151 1423 331 1502 imitatum
354 1417 424 1496 eue
450 1417 677 1518 numero,
709 1421 955 1514 Himonymur
975 1420 1020 1497 ad
1043 1421 1220 1520 Magnum

151 1541 295 1624 scribit:
320 1541 448 1640 Quod,
473 1550 647 1634 quantum
658 1543 702 1616 arl
715 1567 881 1618 nuum
895 1541 990 1618 adeo
1001 1555 1140 1618 certum
1154 1543 1220 1640 est,

75 1724 82 1739 .
151 1679 197 1744 ut
216 1663 420 1756 scrupulus,
453 1681 559 1754 quem
578 1658 804 1738 Calliodorus
828 1661 874 1736 de
893 1661 967 1738 div.
982 1662 1088 1740 instit.
1110 1669 1220 1743 c.16.

100 1783 103 1788 ’
151 1783 289 1880 injl'cit,
308 1781 378 1856 ubi
396 1780 570 1856 tredecim
588 1781 715 1856 Hilarii
730 1785 766 1856 le
783 1777 953 1858 Trinirm
965 1784 1079 1859 libror
1095 1803 1224 1858 recen·

152 1903 231 2000 set,
248 1903 377 1989 ¹litterile
399 1899 506 1996 poilit
531 1902 680 1995 eximi,-
696 1900 794 1977 lraud
816 1901 925 1978 dubie
946 1903 1042 1980 euim
1065 1904 1163 1978 libria
1185 1906 1223 1978 ie

159 2019 330 2116 Trinirarr
348 2021 508 2120 adjungit
521 2021 651 2097 librum
670 2022 707 2093 lle
724 2024 874 2116 synodis,
901 2024 960 2118 qui
976 2007 1083 2098 etiam
1099 2023 1136 2097 in
1148 2021 1223 2100 Co·

154 2151 236 2232 dite
251 2145 424 2230 :colbert
448 2144 632 2234 rhamnis,
669 2155 712 2216 ut
727 2142 909 2216 minimum
928 2142 1088 2236 dicatur,
1125 2146 1225 2221 mille

154 2251 332 2358 exarato.
360 2279 524 2338 necnon
542 2260 581 2332 in
600 2257 850 2354 Germananli,
876 2263 1044 2336 &eltero
1071 2263 1222 2340 Colber·

153 2393 236 2470 tino
260 2381 435 2482 pradittia
457 2380 559 2455 libria
574 2379 760 2454 coherent
775 2379 869 2456 lib'er¹
890 2379 986 2458 Xlll.
1003 2382 1221 2465 inscribitur.

177 2567 185 2576 .
219 2537 222 2542 ·
254 2507 441 2606 Quantum
462 2500 504 2574 ai
527 2499 669 2572 Salium:
704 2515 858 2596 excepta
877 2502 1036 2595 quadam
1052 2504 1224 2583 subtilita-

152 2630 203 2706 tlr
226 2621 477 2716 incitatione,
516 2637 596 2714 quae
619 2619 845 2716 Quintiliano
868 2623 1139 2716 quodammodo
1159 2651 1223 2722 pe.

155 2747 299 2826 culiaria
324 2743 399 2840 eu,
429 2743 562 2818 horum
585 2737 760 2814 librorum
774 2740 891 2820 stilum
909 2747 1040 2821 eruditi
1057 2749 1223 2842 judicant

154 2869 346 2946 absimilem
355 2861 425 2940 elle
434 2857 658 2964 Quintiliani.
707 2861 932 2957 Quamquam
941 2883 983 2942 ut
994 2872 1219 2970 Quintiliano

157 2985 358 3066 affeilatrm
384 2983 509 3058 demus
532 2979 629 3054 illam
650 2976 902 3079 subtilitatem,
935 2987 1077 3064 Hilario
1098 3005 1220 3066 tamen

157 3131 204 3186 ex
221 3103 377 3194 naturali
395 3101 529 3201 ingenii
546 3097 730 3194 acumine,
753 3119 833 3178 non
847 3125 894 3180 ex
913 3107 1142 3186 affectatione
1157 3111 1221 3186 illa

155 3223 320 3328 profetia
337 3221 408 3298 elle
420 3224 588 3299 videtur.¹

181 3431 188 3450 Ι
256 3343 391 3436 Neque
412 3343 523 3420 debet
539 3345 678 3428 offendi
699 3342 907 3439 quisquam,
941 3341 967 3417 u
986 3343 1032 3419 de
1044 3344 1221 3437 mysteriia

155 3465 288 3564 nolitia
304 3463 494 3540 nobircum
510 3461 686 3561 sentient,
713 3463 833 3540 verbis
849 3462 939 3555 aliia,
965 3483 1069 3555 quam
1090 3467 1218 3556 quibua

154 3589 271 3678 modo
291 3584 447 3678 utimur,
478 3585 721 3685 cogitationes
742 3580 819 3657 suar
835 3583 1025 3676 aliquando
1044 3584 1221 3661 enuntiet.

155 3707 236 3806 lm
251 3706 347 3798 anim
364 3705 501 3800 primur
522 3705 698 3782 eLttinir
719 3717 849 3779 contra
861 3701 1019 3778 Arianos
1036 3701 1219 3800 scribens,

156 3847 276 3920 uuaer
294 3825 403 3902 nobit
422 3823 652 3921 prescribere
670 3825 818 3924 putuit,
851 3841 929 3898 ιιοιι
941 3825 1065 3916 potuit
1078 3845 1098 3900 a
1110 3825 1218 3900 nobis

156 3952 332 4046 recipere..
444 4003 448 4010 -
593 3980 603 3998 ·
729 3991 731 3998 ·

138 4059 146 4092 “
177 4135 187 4148 .
224 4107 230 4119 ·
256 4065 314 4144 Ut
329 4079 448 4142 tamen
461 4063 499 4140 iu
515 4062 725 4158 ailequeuda
740 4063 846 4160 ipliur
857 4062 1032 4141 sententia
1042 4063 1158 4139 minus
1168 4065 1218 4137 la·

154 4175 391 4282 burmemua,
427 4182 765 4279 prudentersavit,
791 4205 849 4262 ¹ne
868 4184 964 4260 illam
985 4204 1056 4260 una
1074 4185 1217 4256 ratione

157 4304 368 4412 explicaret.
435 4301 535 4380 Hinc
557 4301 639 4380 sane
666 4323 745 4378 non
773 4305 816 4380 ad
838 4327 969 4383 vanam
999 4300 1217 4500 eluffltiae
