2742 4959
484 644 678 724 Vara,
1071 664 1114 726 tx

146 807 289 884 einendit
307 825 389 896 105·
404 803 607 905 Episcopus
621 827 691 904 pro
705 804 920 895 honoeusto,
946 799 1115 902 pro'ann·

146 930 192 1005 io
200 942 325 1004 autem
341 949 397 1025 ¹9·
409 926 513 1022 stare,
539 921 1115 1008 nechomounonconstantiffime

146 1049 220 1144 ιάἰ,
245 1047 311 1124 nisi
328 1047 374 1122 ab
392 1047 473 1121 unia
490 1045 695 1146 AEgyptiia‚
721 1068 743 1123 a
763 1047 891 1141 quibua
911 1048 1018 1125 etiam
1042 1047 1115 1128 Ge·

146 1192 192 1246 tm
202 1157 407 1244 Alexaner
419 1168 565 1263 excipit
613 1165 809 1244 Etsatttur
823 1168 965 1262 quidem
978 1167 1119 1278 aliqum

146 1310 169 1372 t,
195 1286 260 1382 qui
272 1285 489 1364 homousion
498 1285 755 1384 praedicabant,
778 1290 955 1372 nonnulla
966 1289 1026 1385 pie
1035 1311 1118 1368 ver·

146 1407 317 1499 raeserae3
355 1421 393 1482 at
409 1427 530 1499 neque
545 1407 620 1482 hoc
636 1408 682 1484 de
699 1408 888 1506 omnbus,
902 1453 905 1462 ·
920 1408 967 1484 de
986 1407 1118 1490 norun

146 1552 158 1606 ι
187 1526 292 1605 sensu
308 1529 490 1622 interula,
507 1523 511 1528 ’
526 1527 635 1604 audet
654 1526 848 1624 affirmare,
884 1549 966 1604 cum
987 1548 1121 1610 contra

146 1646 335 1726 nomoeufii
358 1644 605 1724 defensoribua
632 1649 721 1728 nihil
748 1649 813 1726 nifi
841 1649 1119 1744 profanissimum

146 1772 151 1844 i
173 1767 340 1845 testemr.
389 1769 542 1866 Quanto
558 1784 679 1846 autem
690 1766 1040 1864 perculsuahorrore
1054 1773 1120 1871 est,

146 1951 149 1976 ‚
176 1909 230 1966 eo
244 1885 432 1985 prasente,
456 1889 605 1986 publico
620 1890 658 1964 in
681 1903 872 1966 conventu
888 1893 1040 1966 recitata
1049 1891 1121 1970 Eu·

146 2012 153 2084 i
175 2007 244 2090 est,
257 2007 453 2105 eonfeffio,
481 2015 559 2103 ⁴qua
576 2011 849 2109 generationem
870 2011 908 2085 in
923 2009 1041 2086 Deum
1066 2033 1124 2088 ca·

153 2128 367 2207 nullatenus
388 2127 490 2225 posse
503 2127 780 2228 propugnabat?
820 2127 925 2205 Talia
943 2133 1123 2225 patienter

146 2268 297 2344 tneque
318 2270 377 2354 aaa¹
390 2267 494 2323 aurea
513 2263 738 2344 potuerunt,
763 2250 800 2324 in
820 2251 862 2326 iis
879 2254 1122 2351 qungioriann

146 2367 185 2446 sti
201 2367 381 2464 spectant,
407 2369 492 2446 aliaa
504 2370 622 2445 minua
643 2367 869 2464 scrupulosae,
894 2375 1125 2470 tumultuque

152 2503 296 2566 exorto
311 2487 515 2564 Concilium
534 2489 571 2564 iu
587 2489 726 2565 diuersa
745 2491 797 2566 est
812 2491 1022 2574 distraitmn.

146 2608 333 2705 'ostddie‚
367 2612 427 2702 qui
448 2630 519 2704 pro
537 2610 735 2686 homoeusto
751 2610 910 2697 stabant,
944 2613 980 2687 in
998 2611 1126 2690 Eccle-

146 2789 159 2828 ‚
196 2750 278 2825 quae
290 2727 462 2808 Seleucia
481 2729 558 2824 est,
590 2734 877 2828 convenientu,
904 2731 1055 2808 occlusis
1070 2735 1126 2810 so·

146 2876 177 2948 t,
206 2849 435 2948 perleiiaque
452 2849 736 2944 fideisormula,
760 2869 838 2944 quae
855 2848 1063 2930 Antiochiae
1084 2856 1125 2932 in

146 2971 240 3048 nniia
261 2970 356 3046 adita
373 2970 513 3063 fuerat,
547 2991 626 3047 eam
643 2969 901 3068 subscriptione
921 2968 980 3050 sua
993 2972 1128 3052 confit·

146 3105 214 3172 int.
263 3090 414 3168 Nullum
429 3090 575 3174 dubium
594 3089 666 3189 est,
692 3091 778 3187 quin
790 3090 1130 3177 Hilariuaunacum

146 3215 248 3312 ptiia
264 3213 309 3288 ab
322 3211 397 3288 hoc
411 3227 601 3288 conventu
618 3211 794 3305 abfuerit,
829 3220 962 3307 utpote
977 3215 1039 3310 qui
1054 3217 1128 3313 pri.

146 3349 284 3430 aetat,
309 3332 345 3406 u
364 3334 470 3408 uniua
485 3332 660 3408 duntaxat
673 3330 854 3409 fanianu.

146 3456 272 3534 sertio
286 3453 345 3530 die
363 3493 421 3512 -·
442 3453 644 3550 incertum,
668 3474 716 3530 au
731 3450 883 3549 present
897 3449 971 3547 ipsa
992 3449 1131 3534 Conci-

163 3613 227 3636 -
251 3574 303 3652 ita
322 3572 409 3668 quid
433 3572 564 3652 fatiunt
590 3573 655 3671 fit,
689 3586 809 3650 narrat
832 3571 991 3650 Hilariua
1008 3575 1071 3655 lib.
1089 3579 1135 3658 iu·

146 3698 252 3776 stant.
303 3743 330 3780 „
341 3693 432 3772 Cum
446 3691 701 3772 intellexissent
717 3693 753 3770 ἀ
771 3694 831 3789 hi,
857 3693 917 3788 qui
935 3693 1141 3778 diffinitam·

146 3841 180 3898 na
201 3817 355 3912 dicunt,
378 3815 549 3892 humanat
566 3836 670 3892 aurea
685 3829 796 3891 tanta
808 3815 1002 3910 inpietatis
1015 3819 1133 3896 verba

146 3937 310 4016 iunonis
323 3934 585 4012 conseffionem
605 3947 711 4032 putat
734 3975 786 3996 ·-
808 3956 888 4013 non
908 3933 1133 4033 susceptum

146 4117 158 4160 ‚
209 4056 330 4136 tursua
350 4057 388 4134 hi
411 4054 475 4153 ipsi
499 4055 612 4133 verba
636 4069 817 4133 mutantes
843 4077 922 4133 non
953 4059 1133 4157 aninum,

146 4183 218 4260 ieo
252 4179 397 4256 fallatia
421 4178 569 4274 potina,
611 4197 718 4272 quam
746 4174 914 4258 uenena
940 4176 1134 4276 Episcopi,

146 4327 168 4385 n
201 4299 367 4382 sctibunt
398 4320 441 4376 ac
467 4297 579 4398 tertio
610 4295 769 4376 Concilii
793 4300 853 4378 die
879 4317 944 4395 per
966 4297 1133 4381 Leonam

570 4437 637 4512 as
665 4443 668 4452 ¹
970 4439 1086 4500 autut-

1204 4499 1227 4672 i
