2742 4959
1060 829 1133 914 L
1176 857 1214 912 ι
1254 841 1305 914 'n
1354 855 1406 912 ι
1457 859 1506 912 ιι
1605 831 1787 914 xn.
2345 849 2493 934 ⁴3?

321 1007 581 1096 'vero,
650 1021 747 1074 ne
788 997 1127 1074 fundatio
1176 998 1365 1073 aliud
1407 996 1829 1092 quidquam,
1908 1015 2116 1090 quam
2149 999 2488 1073 nativita-

336 1122 490 1180 tem
518 1101 892 1176 videretur
944 1095 1353 1191 ostendere,
1399 1112 1565 1172 ante
1598 1099 1840 1174 omnia
1873 1099 2186 1190 profeffa
2221 1098 2323 1174 est
2348 1098 2491 1174 esse

342 1203 420 1278 se
460 1204 807 1300 genitam:
866 1217 1024 1272 non
1052 1219 1237 1271 vero
1268 1218 1397 1273 cur
1427 1201 1705 1272 creatio
1750 1197 1838 1272 ad
1874 1199 2328 1273 nativitatem
2364 1201 2490 1273 de-

334 1319 688 1402 putatur,
738 1321 944 1390 cum,
1001 1317 1157 1390 quae
1198 1299 1442 1394 genita
1485 1311 1652 1371 ante
1682 1298 1926 1371 omnia
1965 1297 2094 1391 est,
2146 1297 2291 1390 ipsa
2331 1297 2489 1372 fun-

340 1405 514 1477 ·data
552 1413 721 1475 ante
769 1398 1018 1473 saecula
1048 1397 1189 1484 est3
1272 1417 1426 1488 quae
1456 1410 1696 1472 autem
1735 1398 2030 1472 fundata
2069 1414 2237 1476 ante
2279 1396 2490 1474 saecu-

339 1505 492 1578 lum
558 1497 699 1588 est3
766 1519 851 1572 ea
888 1497 1033 1592 ipsa
1053 1497 1125 1569 in
1155 1497 1436 1571 initium
1472 1500 1751 1570 viarum
1780 1495 1965 1590 Dei,
2039 1499 2104 1570 ἃ
2146 1501 2215 1571 in
2261 1520 2309 1569 o
2366 1519 2489 1573 era

344 1604 500 1696 ejus
539 1612 780 1674 creata
806 1621 845 1671 a
879 1595 1143 1671 saeculis
1182 1597 1317 1670 est:
1368 1610 1454 1669 ut
1496 1598 1770 1670 creatio
1808 1617 1845 1670 a
1889 1595 2153 1672 saeculis
2194 1521 2489 1672 distssrre

338 1703 872 1797 intelligeretur
918 1698 1006 1768 ab
1058 1718 1187 1788 ea,
1260 1719 1415 1789 quae
1462 1714 1627 1770 ante
1658 1695 1950 1791 saecula,
2027 1698 2094 1770 &
2131 1712 2492 1790 quaeante

334 1799 675 1875 'universa
705 1797 1045 1872 nativitas
1074 1794 1228 1870 est?
1278 1793 1458 1869 N‘on
1493 1798 1712 1872 habet
1739 1798 1983 1871 saltem
2007 1799 2334 1893 impietas
2360 1813 2489 1871 ve-

336 1903 528 1977 niam
553 1952 576 1990 ,
632 1913 713 1969 ut
754 1897 1151 1990 praetendat
1185 1895 1574 1990 impietatis
1615 1917 1960 1971 errorem.

499 2019 613 2087 50.
668 1995 1002 2088 Namque
1020 1995 1155 2094 etii
1186 1993 1559 2069 infirmitas
1581 1997 2067 2094 intelligentiae
2085 1991 2356 2072 sensum
2373 2013 2486 2071 re·

338 2095 608 2194 ligiosae
640 2097 1009 2190 opinionis
1045 2096 1452 2188 impediret,
1507 2118 1598 2168 ne
1624 2117 1847 2187 nunc,
1902 2118 2058 2188 quae
2090 2097 2489 2172 creationis

336 2195 750 2294 'proprietas
782 2193 997 2286 esset,
1070 2193 1411 2285 consequi
1444 2192 1718 2288 poss‘et3
1792 2210 2028 2270 tamen
2073 2197 2196 2268 vel
2237 2193 2487 2268 secun-

340 2299 519 2372 dum
569 2293 903 2388 Apostoli
955 2293 1215 2369 dietum
1252 2293 1591 2371 facturam
1633 2317 1827 2369 verae
1864 2295 2228 2370 nativitati
2251 2293 2488 2390 depu-

336 2412 618 2471 tantem
639 2449 663 2488 ‚
719 2394 1162 2468 creationem
1197 2415 1489 2487 quoque
1516 2395 1640 2468 etfl
1669 2393 2001 2488 indocte,
2054 2410 2293 2469 tamen
2327 2415 2491 2473 non

340 2497 564 2588 impie
598 2495 682 2568 ad
708 2495 1195 2592 generationis
1226 2491 1442 2569 fidem
1475 2491 1839 2587 proficere
1870 2509 2221 2590 oportere
2253 2493 2487 2568 existi-

338 2615 545 2672 mare
594 2594 963 2669 debuerat.
1074 2590 1474 2688 Apostolus
1512 2596 1702 2672 enim
1745 2595 2076 2690 videtur,
2140 2597 2349 2668 unius
2387 2611 2491 2676 ex

336 2717 496 2769 uno
530 2697 1020 2788 nativitatem,
1071 2693 1145 2767 id
1184 2693 1314 2787 est,
1371 2694 1671 2769 Domini
1708 2718 1801 2770 ex
1847 2697 2127 2793 virgine
2159 2695 2300 2768 fine
2335 2693 2487 2787 pass-

333 2796 621 2872 ssonum
649 2798 1120 2880 humanarum
1154 2810 1525 2886 conceptu
1553 2796 2064 2889 pradicaturns
2088 2847 2113 2886 ,
2167 2815 2319 2865 non
2359 2813 2494 2868 ex-·

340 2912 458 2968 tra
488 2895 850 2966 rationem
873 2891 1131 2985 fufium
1164 2895 1234 2962 de
1272 2895 1528 2964 muliere
1568 2894 1859 2967 locutus
1894 2892 2072 2984 esse,
2125 2914 2334 2984 quem
2363 2912 2486 2966 na-

346 3009 504 3068 tum
545 2993 853 3083 sciebat,
927 2991 1488 3082 frequenterque
1518 2991 1836 3069 dixisset:
1901 3007 1986 3066 ut
2028 2993 2097 3065 &
2138 2994 2485 3065 nativitas

340 3093 731 3165 veritatem
785 3092 1271 3187 generationis
1319 3089 1775 3186 ostenderet,
1854 3093 1922 3166 δι
1963 3092 2233 3166 factura
2270 3093 2486 3166 unius

347 3214 443 3268 ex
482 3211 635 3263 uno
670 3191 1125 3264 nativitatem
1158 3190 1718 3284 protestaretur3
1772 3194 1937 3282 quia
1967 3194 2287 3271 humanae
2322 3212 2483 3285 per-

342 3291 717 3367 mixtionis
746 3307 1183 3381 conceptum
1214 3289 1499 3363 facturae
1527 3312 1793 3366 nornen
1821 3292 2264 3382 excluderet,
2315 3311 2482 3368 cum

284 3397 291 3402 '
342 3390 568 3468 fastus
608 3389 749 3464 effe
789 3411 881 3461 ex
913 3391 1197 3489 virgine
1233 3390 1636 3484 diceretur,
1692 3391 1811 3484 qui
1844 3407 2053 3466 natus
2081 3393 2299 3487 magis
2338 3389 2487 3468 esse

346 3513 505 3568 non
545 3491 1058 3588 ambigebatur.
1158 3489 1265 3564 At
1311 3492 1483 3564 vide
1513 3507 1639 3582 tu,
1703 3513 1909 3584 quam
1941 3492 2024 3565 fis
2063 3477 2317 3584 impius
2345 3544 2369 3584 ,
2426 3511 2480 3568 o

283 3595 289 3674 ἶ
338 3593 731 3679 haeretice3
812 3605 1133 3666 creatum
1180 3589 1414 3685 Jesum
1458 3588 1813 3666 Christum
1857 3593 2102 3685 potius
2141 3613 2233 3664 ex
2263 3590 2480 3676 De0.

283 3683 287 3708 '
346 3713 559 3786 quam
592 3705 840 3768 natum
882 3689 1050 3784 ess‘e,
1102 3688 1333 3770 sermo
1377 3693 1613 3763 nullus
1647 3705 1771 3764 aut
1802 3693 2302 3784 propheticus,
2354 3703 2484 3764 aut

338 3792 837 3888 evangelicus,
890 3804 1016 3864 aut
1047 3789 1488 3886 apostolicus
1514 3789 1617 3864 est
1647 3791 1986 3864 locutus:
2037 3805 2118 3863 tu
2145 3809 2329 3863 vero
2358 3811 2478 3863 na-

335 3889 707 3964 tivitatem
748 3911 1009 3988 negas,
1082 3889 1150 3963 fit·
1189 3888 1488 3966 affirmas
1533 3903 1968 3976 creaturam,
2037 3909 2189 3964 non
2235 3888 2482 3965 secun-

345 3991 516 4064 dum
554 3987 1143 4088 significationem
1190 3987 1574 4084 Apostoli,
1641 3987 1902 4065 faEtum
1948 3987 2091 4064 ess'e
2126 3991 2477 4084 dicentis,

346 4111 443 4165 ne
479 4103 688 4164 natus
737 4087 875 4163 effe
907 4092 1387 4187 ambigeretur
1429 4110 1612 4163 unus
1647 4111 1737 4164 ex
1782 4108 1980 4180 un03
2051 4090 2166 4164 sed
2208 4091 2293 4162 ad
2350 4093 2480 4162 im·

332 4190 719 4285 *piiflimum
764 4187 1074 4282 sensum,
1143 4211 1238 4263 ne
1278 4189 1482 4263 Deus
1521 4191 1822 4264 naturali
1853 4193 2233 4264 nativitate
2275 4187 2482 4263 subsr-

346 4285 593 4380 steret,
652 4309 814 4362 cum
832 4304 1155 4363 creatura
1177 4291 1424 4385 potius
1456 4312 1544 4365 ex
1573 4290 1801 4365 nihilo
1823 4287 2240 4365 substitisset.
2305 4288 2481 4363 Hoc

348 4392 653 4486 primum
692 4388 998 4463 infelicis
1030 4390 1302 4463 mentis
1340 4404 1482 4465 tuae
1511 4391 1708 4464 virus
1743 4387 1886 4484 est,
1950 4412 2106 4462 non
2145 4389 2484 4463 nativita-

340 4503 500 4573 tem
552 4505 953 4568 ereaturam
996 4491 1416 4666 nominaff,
1493 4489 1613 4568 sed
1662 4509 1806 4593 pro
1830 4491 2235 4570 ,nativitate
2261 4486 2482 4570 fidem

496 4625 503 4630 ·
1377 4611 1419 4666 e
1470 4611 1519 4686 3
2185 4607 2386 4670 cree-
