2742 4959
153 164 1268 536 ω

393 711 771 810 »adsueui-s,
805 709 989 801 Lran.
1147 742 1223 822 ⁴79

152 883 341 985 piiffimum
356 881 453 955 enim
467 875 532 972 est,
557 874 801 953 innrseibilem
813 872 931 964 Deum
949 899 1033 956 eum
1051 878 1136 978 dici,
1163 886 1225 978 qul
1254 927 1258 936 ·

153 986 201 1064 ad
216 982 503 1074 consolationem
518 978 677 1054 nostram
695 977 749 1052 est
768 973 923 1054 miffusa
944 979 1050 1058 Filio.

228 1083 306 1159 XX.
332 1081 401 1171 „Si
423 1080 525 1176 quis,
559 1079 661 1153 sicuti
676 1077 804 1154 docuit
823 1099 893 1153 nos
910 1079 1113 1175 Dominus,
1146 1104 1224 1161 oon

152 1239 179 1284 „
204 1187 312 1260 allum
326 1183 422 1258 dicat
438 1180 662 1256 Paracletum
678 1199 698 1252 a
713 1176 828 1271 Filio,
854 1180 946 1255 dixit
960 1186 1076 1257 enim:
1115 1187 1159 1256 Et
1176 1187 1222 1256 al·

152 1339 181 1382 „
207 1305 311 1360 rernm
333 1285 531 1356 Paracletum
545 1285 655 1352 mittet
668 1279 760 1351 ulis
780 1283 894 1369 Pater,
920 1309 1010 1381 quern
1031 1286 1139 1379 rogabo
1157 1309 1223 1383 agot

151 1439 179 1486 ‚,
205 1387 392 1465 anathema
405 1383 457 1456 srt.
470 1387 494 1424 ‘⁴

232 1507 292 1578 54
319 1482 354 1557 A
373 1482 466 1556 Pilio
481 1479 705 1555 Paracletum
722 1478 856 1554 milium
875 1482 1113 1576 meminimus,
1140 1486 1222 1562 &iu

151 1587 331 1688 principio
347 1586 421 1658 hoc
438 1577 527 1656 fides
547 1578 619 1673 ipsa
634 1578 811 1674 exposuit.
871 1581 940 1654 Se'd
959 1587 1039 1673 quia
1055 1585 1223 1676 frequen·

151 1701 210 1766 ter
227 1686 337 1760 Filius
359 1704 424 1777 per
438 1677 675 1755 indifferentia
691 1697 827 1754 naturae
840 1685 1010 1757 virtutem
1028 1706 1140 1778 opera
1161 1687 1223 1761 sua

154 1805 269 1881 opera
294 1783 407 1857 Patris
431 1780 500 1856 elie
518 1781 629 1873 dixit,
665 1783 806 1855 dicens:
845 1783 906 1878 Egi
922 1805 1013 1878 opera
1034 1787 1141 1856 Putris
1160 1791 1222 1859 mai

151 1887 253 1981 facim
278 1882 439 1957 mitiusue
464 1898 611 1976 quoque
626 1880 862 1975 Paracletum,
889 1883 989 1958 sicuti
1010 1883 1222 1976 frequenter

150 1985 363 2086 spopondit,
387 1983 567 2057 interdum
587 1983 946 2057 committendum
967 1984 1086 2056 dixita
1102 1985 1221 2078 Patre,

150 2091 234 2165 dum
254 2108 377 2174 omne,
403 2084 502 2176 quod
516 2101 653 2179 ageret,
680 2085 738 2175 pie
752 2081 889 2156 referre
899 2084 949 2157 est
965 2083 1089 2157 solitus
1103 2087 1145 2157 ad
1159 2086 1222 2160 Pa·

150 2201 254 2264 trem.
306 2183 362 2257 Ex
384 2205 458 2276 quo
477 2181 640 2257 heretici
664 2183 888 2255 occasionem
910 2181 1118 2272 frequenter
1135 2187 1221 2260 arri·

150 2293 274 2386 pium,
311 2302 351 2357 ut
369 2281 480 2378 ipsum
498 2281 568 2356 elle
589 2279 716 2355 Filium
736 2279 955 2356 Paracletum
974 2283 1110 2359 dicant:
1138 2307 1222 2363 cum

150 2392 186 2465 in
206 2408 273 2474 eo,
302 2387 401 2478 quod
421 2385 527 2457 alium
545 2381 768 2455 Paracletum
788 2383 1002 2457 mittendum
1021 2405 1040 2456 a
1057 2385 1161 2459 Patre
1177 2387 1230 2461 sit.

150 2503 377 2586 precaturus,
403 2481 641 2560 differentiam
660 2482 744 2558 milis
762 2489 996 2580 rogantisque
1009 2483 1196 2581 significet.

219 2587 315 2663 XXI.
341 2635 364 2674 „
376 2587 409 2658 Si
435 2585 513 2677 quis
526 2583 696 2679 Spiritum
714 2581 867 2658 sanctum
886 2600 1024 2680 putrem
1041 2587 1137 2662 dicat
1155 2588 1220 2664 Pr·

149 2743 170 2784 ,‚
201 2693 265 2761 tris
284 2689 345 2761 vel
362 2686 461 2757 Filii:
487 2685 675 2756 anathema
696 2682 747 2756 stt.
759 2693 783 2726 ‘⁶

221 2809 280 2875 55.
305 2784 463 2857 Stultitia
492 2783 649 2854 haeretici
676 2780 808 2855 furoris
837 2784 914 2856 haec
938 2786 1061 2880 coegit
1087 2786 1218 2883 scripta

149 2885 306 2976 referre,
331 2904 408 2956 non
428 2880 586 2974 quaestio.
639 2879 733 2953 Nam
753 2904 835 2956 cum
849 2885 1000 2976 Spiritus
1022 2883 1126 2961 sancti
1147 2911 1218 2962 no-

149 3007 229 3065 men
246 2985 375 3060 habeat
391 2982 485 3056 suam
499 2978 816 3076 significationem,
846 2985 876 3053 dt
901 2984 1052 3077 Spiritus
1079 2986 1217 3065 santius

149 3086 348 3186 paracletus
367 3086 498 3158 habeut
511 3079 709 3155 substantiae
728 3080 842 3155 suae&
865 3082 1041 3167 officium,
1069 3088 1218 3164 &ordi-

149 3207 243 3274 uem‚
271 3190 305 3258 dt
319 3206 399 3258 cum
417 3185 551 3276 ubique
568 3183 833 3256 indemutabilis
847 3180 995 3257 Peter&
1010 3185 1117 3259 Pilius
1129 3212 1218 3281 prae·

149 3285 308 3367 dicetur:
335 3285 522 3377 quomodo
541 3304 619 3376 pars
639 3280 709 3355 effe
730 3298 792 3355 aut
810 3282 942 3357 Patris:
966 3301 1028 3359 aut
1044 3285 1122 3359 Filii
1138 3290 1217 3383 Spi·

148 3390 235 3464 ritus
255 3383 391 3460 santius
407 3382 594 3457 offeritur?
619 3380 690 3455 Sed
706 3383 788 3474 quia
805 3383 894 3456 sicut
909 3386 1003 3457 inter
1021 3405 1149 3460 caerera
1164 3392 1217 3466 in.

148 3487 316 3564 Paniarum
340 3504 492 3582 genera,
529 3483 635 3556 etiam
654 3483 728 3554 hoc
744 3504 890 3573 quoque
909 3484 1063 3576 proferri
1083 3492 1127 3562 ab
1148 3490 1214 3567 im.

148 3589 210 3686 piis
231 3584 349 3678 solet,
376 3586 515 3656 idcirco
537 3580 704 3656 astutiis
723 3584 845 3655 debuit
863 3586 1069 3678 improbari.

219 3685 331 3760 XXll.
359 3684 430 3773 „Sl
455 3687 532 3773 quis
552 3680 713 3773 Patrem,
749 3682 827 3756 &P
830 3684 948 3774 ilium,
987 3685 1212 3782 &Spiritum

148 3841 164 3881 r,
191 3784 344 3859 saltuum
359 3801 434 3857 tres
453 3786 540 3856 dicit
561 3782 677 3857 Deos:
704 3783 892 3856 anathema
912 3784 964 3859 stt.
979 3785 1003 3828 “

218 3891 277 3977 56.
306 3885 426 3958 Duum
447 3887 620 3956 Deorum·
636 3883 812 3979 profeffio
832 3905 911 3957 cum
933 3886 1129 3983 irreligiosa
1152 3886 1209 3984 lit,

148 3986 221 4085 ruia
247 4007 421 4078 nusquam
451 3986 512 4059 miss
529 4006 637 4060 unum
658 3987 774 4058 Deum
792 3985 1019 4076 predicatum
1040 3991 1211 4064 memine-

148 4090 272 4179 rimus,
301 4087 334 4160 dc
356 4088 605 4180 predicemus:
632 4101 770 4177 quanto
787 4088 896 4181 magis
918 4087 1024 4160 trium
1043 4088 1209 4166 Deorum

151 4212 175 4265 u
197 4187 320 4276 Patre,
347 4187 514 4277 teritio,
543 4186 573 4257 tr
597 4186 732 4279 Spiritu
747 4182 1209 4281 sandlouuncupatiodam·

147 4291 263 4367 rabilis
283 4286 358 4360 ell‘?
390 4286 502 4383 Quod
522 4299 643 4366 tamen
659 4288 742 4382 quia
756 4286 916 4364 heretici
935 4287 1079 4381 dicunt,
1111 4289 1209 4366 retia

147 4388 313 4471 complici
333 4387 589 4472 condemnant.
736 4429 738 4434 -

1026 4485 1156 4563 xxiii.
