2742 4959
513 606 814 686 LIBERI.
1173 639 1197 712 9

205 773 242 845 6.
269 745 319 843 Et
342 767 387 843 ad
403 766 495 844 hanc
510 771 653 863 quidem
673 768 887 845 infirmitatis
905 768 1198 868 significationem

127 869 214 947 satis
230 867 351 944 feciffe
366 868 480 942 sermo
497 870 666 945 dicentis:
695 873 759 966 Ego
768 871 854 963 sum,
880 872 1025 969 pulsum,
1039 874 1197 968 uideba.

126 984 190 1045 tur
198 994 215 1046 t·
233 966 293 1043 sed
307 965 578 1066 magnificentie
593 971 628 1043 dc
639 971 784 1044 virtutis
794 969 860 1045 suae
869 988 945 1044 erat
959 976 1089 1046 anobis
1103 996 1193 1066 opus

131 1070 415 1167 intelligendum.
471 1069 638 1162 Namque
659 1069 875 1165 cum-effeci
892 1075 1077 1166 proprium
1095 1073 1196 1168 effer,

135 1171 202 1264 qui·
214 1191 357 1244 manens
374 1168 509 1262 semper
527 1192 604 1244 non
620 1172 726 1244 etiarn
743 1172 932 1263 aliquando
948 1172 1126 1266 coepilletq
1153 1199 1197 1248 ae·

132 1271 229 1344 temi
255 1269 289 1342 &
311 1271 512 1364 incorrupti
532 1269 602 1344 Dei
619 1272 745 1367 dignus
765 1272 810 1345 de
828 1269 862 1345 se
875 1271 933 1344 hic
947 1273 1083 1348 rursum
1099 1276 1196 1348 audi·

132 1381 195 1444 tus
211 1368 262 1444 est
276 1366 410 1443 sermo:
438 1374 508 1466 Qui
520 1385 608 1442 tenet
619 1376 725 1442 calum
736 1373 859 1468 pomo,
885 1370 923 1447 (5
938 1387 1054 1447 terram
1068 1375 1194 1468 pugillo:

131 1469 170 1546 ἃ
183 1467 336 1544 rursum:
366 1470 483 1541 Calene
500 1471 583 1541 mibi
593 1473 727 1543 thronus
742 1471 796 1567 efl,
823 1488 910 1541 terra
925 1473 1194 1561 auremscabelum
1286 1467 1296 1502 ⁸

128 1573 243 1672 pedum
259 1594 405 1643 meorum.
456 1574 565 1666 Quam
579 1572 701 1643 dmum
720 1572 803 1641 mihi
817 1571 1022 1664 distenditis,
1049 1591 1106 1645 our
1124 1581 1196 1673 quis

131 1676 219 1744 tuus
237 1677 303 1742 erit
316 1673 522 1769 requietionis
538 1668 635 1746 mea?
661 1676 784 1745 Nonne
803 1665 919 1743 meiius
936 1669 1196 1764 noesseltum?

133 1768 360 1844 Universitas
391 1772 465 1844 caeli
492 1773 606 1864 palma
626 1771 698 1846 Dei
719 1787 886 1865 tenetur,
926 1772 959 1844 dr
986 1775 1197 1848 universitas
1266 1817 1268 1822 ·

132 1882 242 1945 tetrae
269 1872 406 1966 pugillo
428 1873 669 1954 concluditur.
721 1873 848 1946 Sermo
867 1887 985 1945 autem
1006 1873 1101 1963 Dei,
1135 1877 1199 1946 eti-

137 1969 223 2045 amsi
255 1969 300 2041 ad
324 1970 535 2061 opinionem
557 1969 727 2067 religiose
758 1971 1000 2065 intelligentiae
1029 1968 1198 2064 proficit,

133 2071 219 2166 plus
242 2082 363 2140 tamen
383 2064 647 2164 fignificationis
664 2070 900 2162 introspectus
919 2068 1016 2141 sensu
1032 2073 1201 2145 continet

134 2189 245 2263 quam
271 2181 443 2261 exceptus
470 2167 604 2243 auditu.
654 2168 750 2243 Nam
774 2168 980 2252 conclusum
1000 2173 1115 2263 palma
1133 2193 1200 2244 cae·

131 2271 210 2343 luni
232 2264 368 2340 rursum
381 2265 474 2340 Deo
488 2268 643 2344 thronus
662 2268 734 2356 est;
771 2268 937 2361 detersa,
972 2291 1049 2371 quae¹
1058 2273 1199 2376 pugillo

134 2367 367 2458 continetur,
401 2367 525 2443 eadem
546 2367 786 2444 &scabellum
806 2370 934 2462 pedum
955 2371 1030 2462 ejus
1054 2372 1121 2443 cll:
1154 2395 1201 2446 ne

136 2470 178 2541 in
190 2468 327 2539 throno
346 2468 380 2540 n
398 2465 569 2560 scabello,
595 2466 786 2542 secundum
801 2470 960 2542 habitum
970 2471 1202 2564 considentis,

137 2567 322 2663 protensio
348 2565 476 2659 speciei
493 2589 682 2662 corporeae
708 2568 826 2662 pollet
841 2570 1011 2664 intelligi,
1046 2592 1125 2641 curn
1143 2572 1200 2660 id‚·

136 2667 240 2759 quod
255 2667 316 2739 sibi
331 2668 483 2741 thronus
499 2666 534 2740 u
550 2667 740 2754 scabellum
757 2667 822 2756 est,
847 2666 983 2739 rursum
1000 2668 1139 2757 iplailln
1151 2669 1203 2740 in·

134 2764 256 2841 finitas
273 2779 404 2860 potens
422 2769 538 2860 palma
550 2790 592 2842 ac
601 2770 737 2864 pugillo
750 2766 1042 2857 apprehendente
1055 2769 1203 2839 conclu·
1298 2769 1299 2776 ’

136 2868 263 2961 deret3
289 2866 348 2940 sed
362 2881 402 2938 ut
414 2869 450 2939 in
461 2867 515 2942 his
524 2866 659 2940 cunetis
669 2867 865 2962 originibus
880 2863 1205 2941 creaturarumDe·

136 2989 182 3042 us
197 2969 291 3038 intra
307 2981 502 3058 extraque,
536 2965 865 3058 &superemineus,
904 2964 1140 3059 brinwinus,
1166 2965 1204 3042 id

138 3065 206 3160 est,
233 3063 465 3139 circumfusus
483 3065 517 3139 dr
533 3065 666 3140 infusus
678 3068 715 3139 in
733 3067 853 3140 omnia
870 3063 1093 3156 nosceretur,
1121 3087 1203 3155 cum

138 3167 177 3239 dr
187 3167 303 3259 palma
319 3166 544 3262 pugillusque
561 3167 751 3240 continens
764 3165 978 3259 potestatem
994 3181 1130 3240 naturae
1144 3189 1206 3239 ex·

140 3267 284 3340 terioris
301 3264 527 3352 ostenderem
552 3287 593 3339 ac
608 3267 761 3340 thronus
778 3263 1015 3339 &scabellum
1032 3264 1204 3342 substrata
1275 3291 1280 3298 ·

138 3364 233 3458 elle,
259 3380 301 3438 ut
314 3368 460 3439 interno
471 3367 659 3440 exteriora
671 3364 897 3455 monstraret,
926 3367 1205 3444 eumenterioru

140 3463 201 3539 sua
215 3465 368 3539 iruerint
381 3461 553 3558 insidens,
579 3464 653 3559 ipse
666 3467 802 3541 rursum
819 3467 980 3538 exterior
998 3466 1091 3538 intra
1115 3487 1204 3540 con·

141 3564 322 3639 eluderet:
339 3580 446 3656 atque
458 3566 508 3638 ita
521 3579 622 3639 totus
632 3565 806 3659 ipseintra
816 3566 1205 3658 extraquecontinens‚
1279 3624 1286 3646 t

139 3684 261 3755 neque
287 3661 447 3738 infinitus
474 3663 606 3738 abeffet
628 3687 647 3737 a
671 3663 828 3754 cunctis,
861 3686 979 3754 neque
999 3665 1125 3739 cuncto
1144 3666 1206 3756 ei,

141 3763 203 3856 qui
219 3760 379 3838 infinitus
395 3763 467 3847 est‚
493 3786 568 3838 non
584 3763 744 3840 ineffent.
797 3762 863 3836 His
880 3765 986 3858 igitur
1002 3763 1208 3862 religiosissi-

141 3864 209 3940 mis
231 3863 276 3937 de
295 3862 379 3938 Deo
398 3866 633 3959 opinionibus
657 3865 736 3936 veri
752 3862 866 3935 studio
887 3865 1052 3938 detentus
1069 3865 1206 3939 animus

141 3961 397 4039 delectabatur.
467 3964 601 4059 Neque
620 3965 717 4040 enirn
740 3962 834 4036 aliud
856 3964 940 4055 quid
967 3966 1110 4061 dignum
1134 3959 1207 4035 effe

140 4059 231 4137 Deo
251 4063 509 4162 arbitrabatur,
543 4087 647 4159 quani
669 4065 721 4137 ita
742 4084 823 4136 eum
843 4067 937 4136 ultra
953 4053 1207 4159 intelligentias

141 4183 264 4237 rerum
290 4160 383 4253 elle,
417 4179 460 4237 ut
487 4167 524 4238 in
548 4180 718 4257 quantum
740 4162 774 4235 se
790 4163 832 4236 ad
850 4165 1001 4255 aliquem
1015 4160 1208 4257 praesumte

141 4264 231 4345 licet
249 4263 433 4361 opinionis
449 4266 598 4346 modum
615 4286 718 4437 1an
735 4260 876 4338 infinita
890 4259 1148 4370 protenderet,
1172 4261 1212 4339 in

710 4383 731 4454 5
1023 4375 1165 4441 tautum
