2742 4959
1096 469 1104 478 1

179 657 275 748 aiv‘·
522 657 562 745 S.
612 663 921 744 Hieta-ii

108 922 113 935 .
184 841 307 907 autem
325 812 615 940 temperamento
630 825 907 922 illaminscripfit
925 880 953 921 „
964 819 1262 907 ideaiecunduni¹

76 1023 78 1034 ,
186 950 353 1028 Orientis
369 931 607 1043 syn'odum,⁵‘
632 963 675 1027 ut
694 949 806 1024 illesis
827 947 1099 1029 Orientalibus,
1125 948 1206 1024 satis
1220 946 1275 1040 fi?

184 1069 376 1172 ‘nificaret
402 1069 497 1145 illam
520 1089 648 1168 eorum
674 1066 767 1164 else,
804 1069 865 1164 qui
889 1070 933 1145 ab
961 1066 1261 1147 Occidentalibua

181 1184 341 1267 ¹Surdicae
356 1190 584 1289 congregatis
595 1188 826 1265 secesserant:
853 1191 952 1284 quod
965 1192 1115 1285 perinde
1128 1190 1192 1284 est,
1220 1213 1263 1267 ac

184 1311 213 1389 si
233 1311 601 1407 Philippopolitaoam
620 1308 794 1389 vocasset.
855 1309 1100 1388 sardicensem
1118 1311 1262 1405 quidem

144 1423 151 1440 '
186 1452 267 1510 eam
292 1433 384 1507 dixit
405 1430 487 1505 liiii
510 1436 550 1502 in
575 1431 815 1530 Constantium
848 1430 1001 1508 sednon
1021 1446 1092 1508 tam
1113 1453 1159 1506 cii
1179 1430 1262 1526 sua,

167 1563 296 1647 ,quam
315 1550 518 1627 Constantii
531 1550 659 1648 ipsius,
694 1572 801 1645 quem
815 1552 1089 1647 alloquebatur,
1123 1549 1265 1627 senten·

186 1672 252 1749 tia.
304 1669 354 1747 Et
373 1671 454 1749 sane
472 1673 644 1747 derebus
668 1672 832 1747 Orientis
848 1687 937 1747 tunc
954 1689 1031 1748 erat
1045 1671 1264 1767 instructior,

189 1811 298 1887 quam
322 1807 365 1867 ut
389 1809 488 1870 vere
517 1812 560 1869 ac
578 1790 670 1867 false
690 1792 817 1888 synodi
836 1790 1050 1897 Sardicensis
1076 1791 1266 1871 discrimen

187 1913 386 2014 ignoraret.

291 2031 436 2110 Etiamsi
462 2042 582 2109 autem
606 2030 772 2106 nonnihil
795 2028 983 2126 suspedlam
1010 2033 1162 2111 heberet
1182 2030 1267 2110 Ori·

190 2155 366 2231 entalium
385 2150 517 2247 fidem,
543 2173 647 2245 quain
665 2168 788 2227 tamen
809 2152 860 2226 eis
883 2154 957 2229 hoc
975 2155 1070 2229 libio
1092 2156 1269 2250 patefecit

191 2273 515 2366 benevolentiam,
548 2272 654 2348 etiam
677 2271 803 2368 postea
825 2270 996 2348 Seleuciae
1014 2262 1048 2347 n
1063 2272 1268 2350 Constanti·

190 2395 328 2488 nopoli
349 2392 594 2468 conservavit.
656 2390 739 2466 Nec
764 2391 866 2465 aliter
890 2412 974 2491 erga
998 2414 1062 2466 eos
1084 2393 1155 2470 sese
1169 2395 1270 2493 gessit

192 2511 433 2608 Athanasius,
461 2514 521 2607 qui
543 2514 648 2588 etiam
665 2512 746 2606 post
767 2533 898 2589 annum
924 2517 1005 2607 360.
1028 2515 1065 2587 in
1083 2515 1140 2596 lib.
1160 2520 1271 2612 deSu·

192 2638 270 2712 nod.
290 2634 424 2718 scribit,
451 2654 532 2709 cuin
549 2632 678 2707 Basilio
693 2632 907 2733 Ancyrano,
936 2635 1085 2727 ejusque
1099 2637 1269 2712 similibus

192 2756 243 2834 fic
258 2756 435 2853 agendum
451 2751 535 2849 elie,
564 2754 678 2828 veluti
699 2775 779 2828 cum
797 2754 854 2837 iis,
879 2757 977 2850 „qui
992 2777 1068 2830 non
1083 2760 1194 2855 longe
1210 2758 1270 2829 ab·

193 2867 965 2972 suntarecipiendavoceconsubstantialis.
1018 2877 1269 2971 Nequeenim,

96 3075 99 3082 ,
194 2996 315 3088 inquit
329 2998 438 3093 paulo
450 3008 547 3087 ante,
575 2994 836 3085 adversuseos‚
863 2996 1272 3073 velutadversusArio·

194 3118 372 3209 manitas,
400 3129 461 3188 aut
480 3112 649 3189 adversus
667 3114 811 3189 Petrum
832 3115 953 3210 hostes
968 3118 1269 3208 contradicimus,

196 3236 258 3315 sed
282 3236 396 3310 veluti
416 3234 544 3310 fratres
562 3256 643 3311 cum
663 3236 832 3310 fratribus
856 3237 1103 3333 disceptamus,
1127 3253 1169 3312 ut
1187 3259 1271 3315 cum

198 3359 328 3453 quibus
345 3358 451 3430 nobis
469 3357 594 3432 cadem
611 3357 653 3432 sit
671 3356 859 3452 sententia,
886 3359 1134 3432 controversia
1150 3370 1271 3435 autem

198 3478 246 3553 de
269 3478 401 3556 verbis.
416 3479 442 3524 “
482 3478 534 3554 ‘ln
556 3499 629 3570 quo
644 3481 771 3553 melius
793 3480 838 3553 de
858 3478 1104 3554 Orientalibus
1129 3475 1266 3553 sensisse

198 3598 360 3684 videtur,
387 3617 492 3687 quani
506 3597 578 3694 ipse
589 3600 764 3680 Hilarius:
791 3601 866 3691 qui,
893 3596 1273 3691 cumfimiliaquaedani

199 3716 299 3802 dicat
318 3716 379 3792 sub
403 3716 512 3794 finem
528 3726 561 3813 §.
581 3729 613 3800 8.
634 3743 674 3795 ea
689 3720 723 3794 se
739 3741 815 3797 non
834 3736 906 3794 tam
925 3733 1029 3792 certo
1049 3718 1274 3815 asseverasse,

202 3857 310 3933 quam
337 3839 393 3931 pia
422 3840 572 3932 quadani
596 3841 703 3916 animi
727 3837 988 3933 propensione,
1025 3859 1104 3930 que
1117 3841 1275 3924 necdum

201 3959 275 4044 sine
290 3960 486 4035 formidine
501 3976 600 4057 erat,
625 3962 792 4034 locutum
809 3954 892 4049 esse,
920 3960 1081 4052 pluribus
1102 3963 1177 4035 aliis
1200 3956 1276 4035 sen·

204 4080 328 4158 tentiis
349 4079 579 4168 demonstrat.
629 4078 684 4154 lta
702 4079 777 4153 duo
797 4079 834 4153 hi
854 4078 1022 4156 clarissimi
1041 4081 1110 4154 viri
1125 4101 1193 4153 nos
1215 4100 1276 4151 eii·

205 4203 328 4297 emplo
349 4201 555 4284 docuerunt
575 4202 779 4297 preclaram
798 4198 892 4273 illam
909 4197 1077 4297 Gregorii
1095 4199 1186 4275 Naz.
1200 4196 1277 4274 sen·

156 4428 159 4440 Ι
206 4325 378 4401 tentiam:
410 4319 509 4422 „Sic
524 4324 620 4405 anim
634 4318 797 4401 existimo
812 4320 849 4401 iu
867 4322 982 4401 dubiis
1003 4320 1199 4398 &incertis
1222 4340 1278 4397 re·

355 4459 361 4466 ·
1158 4441 1226 4520 bus
