2742 4959
165 555 171 572 Ι

420 614 686 703 'Lanae
736 621 809 704 Vl.
1101 650 1172 723 145

99 794 177 890 est,
208 811 329 888 nequa
352 785 475 885 ipsein
494 791 687 865 nativitate
702 810 779 864 non
799 792 893 883 licus
910 787 985 882 est3
1020 791 1172 888 &quod

98 901 197 971 licus
213 894 285 980 est,
317 912 394 967 non
410 892 519 988 coepit
535 889 627 987 elle,
663 889 721 964 sed
736 904 840 966 natus
859 913 906 964 ex
924 895 1001 966 lieo
1024 891 1098 982 dst3
1134 892 1171 967 da

102 995 206 1089 quod
228 990 403 1088 nascitur,
435 992 472 1064 id
495 988 607 1088 ipsum
630 986 824 1067 secundum
850 991 1012 1068 humanae
1032 1008 1171 1067 naturae

103 1093 241 1170 sensnm
254 1090 482 1167 videturesse
497 1094 700 1188 prolatum,
726 1092 832 1166 itaut
850 1093 1010 1186 prolatio
1022 1091 1092 1187 ipsa
1109 1109 1174 1168 naa·

103 1197 228 1270 tivitas
248 1189 319 1278 elle
334 1190 569 1266 existimetur:
583 1192 733 1264 idcirco
747 1203 926 1266 tentatum
944 1191 996 1267 est
1013 1193 1173 1286 pcr'Va-

101 1294 230 1370 lentini
256 1292 411 1367 haeresim
433 1292 647 1385 prolationis
662 1311 805 1370 nomen
828 1292 992 1383 excludi,
1019 1314 1066 1365 ne
1081 1291 1179 1366 nati·
1215 1321 1219 1338 ·

108 1395 627 1485 vitatisveritaspermaneret3
655 1392 1172 1490 quiaprolationisintelligen-

105 1495 173 1589 tia,
200 1495 375 1587 opinione
386 1506 551 1576 terrena,
573 1509 651 1566 non
665 1494 816 1566 multum
830 1489 947 1565 eileta
961 1503 1086 1566 natura
1098 1485 1171 1567 te'r-

103 1616 198 1668 rena
217 1592 417 1667 nativitatis
443 1594 571 1666 aliena·
618 1589 769 1667 Naturae
794 1593 955 1666 humanae
979 1592 1100 1683 tarda,
1127 1613 1172 1667 ac

106 1692 257 1770 difficilis
283 1691 325 1765 ad
349 1712 408 1765 res
437 1693 577 1765 divinas
601 1691 839 1792 intelligentia
860 1692 991 1786 exigit,
1029 1692 1074 1765 de
1093 1693 1174 1790 his,

104 1815 184 1886 quae
203 1792 307 1866 semel
327 1790 417 1865 disis
439 1792 580 1865 anobis
596 1787 697 1874 sunt,
724 1791 947 1882 frequentius
966 1790 1171 1879 admoneri,

103 1915 152 1968 ne
172 1890 376 1963 satisfacere
400 1888 626 1964 sacramentis
651 1891 782 1964 divinae
805 1892 973 1980 virtutis,
1008 1891 1173 1965 humanas

105 1990 387 2083 comparationis
406 1991 570 2082 exempla
588 1990 804 2077 credantur;
831 1987 889 2062 sed
901 2004 1039 2063 tantum
1052 1990 1094 2061 ad
1107 1991 1184 2064 im··

103 2088 289 2162 buondum
311 2086 515 2181 spiritaliter
540 2087 586 2162 de
609 2088 806 2162 celestibus
835 2086 991 2181 sensum,
1018 2083 1173 2183 speciem

106 2189 242 2261 terreni
263 2188 405 2284 generis
432 2184 577 2281 afferri,
613 2203 656 2260 ut
677 2209 743 2283 per
769 2189 864 2263 hunc
885 2202 1020 2262 naturae
1041 2187 1175 2268 nostras

106 2288 253 2385 gradum
278 2289 322 2362 ad
342 2287 614 2384 intelligentiam
635 2288 767 2364 divine
792 2286 1066 2386 magnificentiae
1087 2309 1176 2384 pro-

105 2388 290 2463 vehamur.
348 2385 438 2461 Non
451 2386 503 2461 est
520 2401 639 2464 autem
655 2386 846 2465 secundum
864 2391 1096 2464 humanarum
1114 2412 1178 2465 na·

106 2490 289 2563 tivitatum
313 2489 539 2581 prolationes
557 2490 621 2562 Dei
642 2491 814 2563 nativitas
837 2489 1046 2564 estimanda.
1100 2489 1178 2565 Ubi

107 2590 201 2661 enim
219 2609 309 2660 unus
333 2609 377 2663 ex
395 2608 471 2664 uno
495 2585 560 2681 est,
587 2588 622 2659 ἃ
638 2592 732 2662 Deus
748 2601 853 2661 natus
876 2610 921 2661 ex
940 2592 1017 2660 Deo
1034 2587 1098 2671 est,
1124 2587 1178 2661 af·

105 2687 179 2761 fert
196 2703 337 2760 tantum
358 2684 624 2784 significationis
640 2688 909 2782 intelligentiam
924 2701 1068 2761 terrena
1085 2689 1178 2761 nati·

107 2790 223 2872 vitas,
260 2802 429 2859 caeterum
455 2806 534 2859 non
556 2783 729 2858 satisfacit
751 2787 1032 2878 comparationis
1054 2809 1177 2863 exem·

105 2890 172 2982 plo
197 2886 301 2980 origo
322 2881 563 2976 nascentium,
594 2905 672 2977 quae
688 2885 799 2958 habet
816 2885 852 2958 in
873 2883 929 2978 fe,
962 2885 1177 2984 &coitum,

110 2988 144 3060 dr
169 2998 407 3076 conceptum,
434 2982 650 3083 &tempus‚
676 2983 893 3078 &partum3
921 3007 1003 3059 cum
1020 2987 1178 3063 Deuscx

107 3091 187 3159 Deo
205 3099 310 3158 natus
328 3083 417 3156 nillil
430 3083 525 3156 aliud
540 3084 792 3183 intelligendus
811 3086 854 3158 s1t
873 3083 963 3179 esse,
992 3107 1099 3178 qnam
1114 3107 1179 3162 na·

108 3200 179 3262 tus.
232 3181 281 3257 Et
300 3183 441 3276 quidem
463 3182 509 3258 de
526 3183 657 3260 divina
675 3186 899 3280 nativitatis,
925 3186 1117 3261 secundum
1134 3184 1178 3261 fi·

109 3288 190 3362 dem
209 3284 469 3382 evangelicam,
495 3299 603 3384 atque
625 3285 872 3379 apostolicam,
898 3288 1092 3363 veritatem
1112 3287 1179 3363 suo

108 3389 197 3461 loco
217 3385 457 3460 tradiabimust
487 3385 630 3460 interim
647 3401 765 3460 tamen
781 3385 957 3460 haereticae
977 3388 1061 3460 artis
1079 3388 1178 3483 inge·

109 3490 208 3561 nium
229 3486 370 3580 ostendi
388 3485 533 3573 debuit,
571 3505 671 3580 quae,
699 3486 744 3560 ad
762 3486 954 3560 veritatem
972 3488 1177 3563 nativitatis

110 3587 345 3680 abolendam,
369 3586 586 3679 prolationis
607 3606 744 3661 nomen
765 3584 1017 3682 exstittguetet.
1247 3599 1249 3610 '

191 3683 391 3774 10.,Tenet
402 3705 494 3760 vero
510 3686 617 3761 etiam
631 3689 669 3760 in
686 3688 823 3759 caeteris
838 3684 997 3778 ejusdem
1015 3689 1098 3762 artis
1109 3686 1179 3762 suaa

109 3783 300 3876 malignam
324 3783 625 3878 fraudulentiam,
666 3786 807 3860 dicens:
844 3783 928 3860 Nec
951 3786 1041 3862 licut
1061 3789 1181 3861 Mani·

110 3886 232 3957 chaus
256 3897 396 3974 partem
418 3885 524 3960 unius
548 3883 747 3960 substantie
769 3883 882 3961 Patris
906 3886 1042 3963 Natum
1067 3909 1182 3979 expo·

109 3981 190 4059 sirit.
242 3981 384 4079 Negata
404 3985 562 4080 superius
586 3987 747 4080 prolatio
767 3984 838 4080 est,
870 4001 913 4060 ut
927 3988 1097 4061 nativitas
1117 4008 1190 4061 no·

111 4096 274 4182 garetur:
308 4104 407 4157 nunc
424 4105 570 4179 quoque
586 4084 648 4161 sub
668 4085 863 4162 Manichaei
880 4090 1027 4163 nomine
1047 4107 1184 4182 negan-

114 4187 168 4258 dae
196 4174 299 4256 unlus
321 4181 518 4260 substantie
541 4188 749 4261 infertur&
772 4189 919 4283 portio,
953 4209 999 4261 ne
1021 4189 1113 4258 licus
1134 4204 1183 4263 ex

112 4285 192 4366 Deo
221 4281 290 4359 else
316 4285 495 4359 credatur.
544 4284 767 4370 Manichaeus
786 4287 888 4367 enim
905 4285 1207 4389 antoninianas,

158 4387 201 4465 S.
227 4386 364 4468 litiani
385 4380 529 4497 siml,
786 4388 836 4484 K
930 4485 943 4508 X
981 4389 984 4396 '
1069 4402 1174 4490 pto«
