2742 4959
98 719 102 744 Ε
197 667 273 728 eoa
402 642 440 724 S.
467 641 666 724 Httaart
693 665 754 724 na
785 630 1061 724 'reintrare

196 807 448 906 pompatior,
480 807 517 882 ἀ
537 827 615 882 non
634 809 672 883 ln
693 809 769 903 eiua
785 807 1215 908 intelligereturnttura‚
1248 827 1270 900 a

195 930 273 1004 quo
287 906 628 1004 accepitexfisteret
655 908 723 982 ait:
750 907 982 1006 Nmoparerir
996 931 1105 1008 rapere
1119 916 1269 990 damona

194 1016 301 1110 patris
324 1017 395 1086 urei.
446 1009 507 1084 De
525 1029 633 1082 manu
652 1007 712 1082 sua
728 1029 837 1084 nemo
855 1012 969 1104 rapit:
995 1013 1076 1106 quia
1094 1036 1115 1089 a
1133 1014 1267 1112 Patre,

195 1111 296 1206 quod
311 1110 377 1202 est,
402 1109 570 1184 omnibus
582 1109 694 1201 maius
712 1110 863 1202 accepit.
910 1111 1011 1212 Quid
1025 1112 1089 1187 fibi
1100 1118 1183 1189 vult
1193 1132 1267 1196 tam

182 1209 338 1292 diversa
350 1207 542 1306 professio,
566 1222 610 1290 ut
622 1207 759 1284 rursum
776 1209 822 1284 de
838 1231 945 1286 manu
963 1213 1139 1304 patrissui
1155 1237 1266 1292 nemo

195 1309 339 1406 rapiati
363 1309 443 1386 Filii
458 1328 584 1383 manue
605 1307 676 1391 est,
704 1330 781 1402 quc
800 1313 941 1405 accepit
961 1331 981 1384 a
998 1309 1123 1403 Patre;
1149 1315 1267 1394 Patria

194 1431 321 1488 manus
341 1407 408 1503 est,
434 1429 512 1500 quar
528 1408 629 1482 dedit
644 1409 760 1486 Filio:
787 1408 821 1483 dt
843 1411 1046 1505 quomodo,
1073 1414 1171 1506 quod
1184 1437 1265 1492 non

185 1512 331 1604 -aapitur
356 1507 646 1601 detumulari,
677 1530 755 1586 non
776 1511 914 1606 rapitur
938 1511 982 1585 de
1000 1533 1106 1588 manu
1120 1513 1263 1593 Partiri

195 1612 401 1712 Quomodo
418 1610 444 1684 ll
460 1611 604 1702 queris,
630 1611 810 1707 intellige:
839 1613 904 1704 Ego
920 1611 961 1688 ds
985 1615 1079 1685 Pater
1098 1638 1197 1685 mar
1209 1617 1266 1706 [a.

179 1735 274 1786 ..na
324 1711 457 1786 Manae
473 1708 689 1788 Filiinaanue
705 1709 820 1798 Patria
836 1709 898 1786 ast,
950 1711 1041 1786 Non
1056 1713 1268 1812 enimdege·

193 1825 300 1890 nerat
325 1831 390 1906 per
416 1809 644 1886 nativitatem
672 1823 822 1903 natura,
848 1833 896 1885 ne
916 1812 1040 1887 eadetn
1062 1815 1122 1888 fit:
1147 1836 1266 1909 neque

192 1910 345 2005 rursum,
371 1911 455 2004 quia
468 1909 593 1984 eadem
609 1908 674 2004 est,
701 1913 973 2010 intelligentiam
989 1914 1191 1990 nativitatis
1211 1917 1266 1993 os·

192 2013 325 2106 rendit,
352 2013 436 2104 quia
448 2011 619 2086 nativitas
639 2011 728 2087 nihil
746 2013 783 2086 in
796 2009 832 2086 se
846 2012 1003 2088 admittit
1018 2015 1184 2091 alienum.
1211 2016 1265 2092 Ut

192 2133 288 2190 vero
316 2132 382 2206 per
406 2114 638 2206 corporalem
654 2109 950 2210 significationem
969 2115 1143 2189 virtutem
1159 2115 1265 2209 poffir

192 2215 355 2311 eiusdem
372 2209 474 2285 nosse
485 2225 636 2304 naturae,
662 2228 948 2290 commemorata
965 2213 1018 2288 est
1030 2213 1109 2290 Filli
1124 2236 1264 2308 manua,

193 2335 321 2391 manus
352 2311 489 2399 Patrie;
524 2313 606 2403 quia
624 2326 754 2388 natura
773 2312 808 2386 dt
837 2314 953 2386 virtue
975 2313 1090 2387 Patris
1116 2313 1204 2390 esset
1226 2317 1263 2392 in

191 2413 301 2492 Filio.
353 2409 542 2485 Postremo
557 2422 600 2483 ut
616 2431 682 2502 per
698 2409 956 2487 sacramentum
975 2415 1177 2489 nativitatis
1201 2437 1263 2492 ve·

191 2516 337 2591 ritatem
361 2525 499 2589 nature
516 2509 756 2586 indifferentia
780 2512 1012 2608 agnosceres,
1040 2514 1170 2589 ditium
1194 2515 1262 2592 est:

196 2617 264 2712 Ego
278 2617 317 2692 0
338 2617 436 2688 Pater
456 2615 692 2700 anumsumasg
719 2627 761 2685 ut
779 2613 876 2704 quod
891 2634 1000 2688 unum
1016 2613 1109 2709 sunt,
1136 2618 1265 2691 necdi-

192 2713 350 2808 versum,
378 2735 446 2789 nec
463 2712 659 2789 solitarium
679 2713 904 2806 crederetur,
929 2735 1005 2788 non
1027 2716 1093 2788 alia
1108 2719 1145 2789 in
1161 2733 1265 2790 utro·

192 2837 266 2911 que
283 2837 347 2911 per
358 2811 585 2909 nativitatis,
613 2814 905 2914 &generationis
927 2816 1187 2912 proprietatem
1203 2839 1264 2895 ex·

189 2913 322 2995 istente
339 2931 479 2989 natura.

268 3040 324 3110 23.
351 3016 503 3105 Manet,
530 3027 703 3108 quantum
719 3014 871 3112 intelligi
886 3014 986 3106 licet,
1014 3017 1264 3092 mentiumve·

189 3117 352 3196 sanarum
380 3116 572 3205 voluntas,
606 3114 762 3190 cessante
785 3115 872 3188 licet
893 3116 1095 3191 voluntatis
1113 3116 1265 3193 effetiu:

190 3215 431 3310 &malignum
444 3213 1048 3306 animummalevolentiarstudium‚
1074 3217 1263 3295 absistente

189 3317 273 3394 mali
289 3315 412 3409 operis
428 3313 635 3406 occafione,
660 3335 739 3387 non
759 3313 900 3390 deserit.
952 3313 1063 3388 Nunc
1082 3316 1176 3387 enirn
1191 3318 1263 3391 ha·-

188 3417 391 3494 reticorurn
409 3413 528 3505 furor,
553 3414 625 3506 jam
647 3414 813 3489 Domino
829 3416 866 3489 in
880 3415 972 3488 celis
990 3413 1147 3503 sedente,
1175 3418 1258 3504 quia

188 3517 360 3609 exemplo
374 3512 582 3607 Judeorunr
596 3514 634 3591 in
650 3535 760 3590 cruce
778 3536 885 3612 agere
897 3534 973 3588 non
989 3508 1154 3605 possunt,
1181 3517 1261 3605 pari

185 3629 311 3693 tamen
325 3612 539 3692 infidelitate
554 3615 628 3691 hoc
647 3633 755 3707 eun,
783 3614 881 3707 quod
904 3612 974 3705 est,
999 3610 1196 3708 denegant:
1225 3616 1260 3691 dt

187 3737 273 3804 cum
288 3735 365 3792 non
378 3716 508 3806 possint
521 3735 670 3812 negare,
698 3737 775 3809 quae
794 3715 885 3789 ditia
900 3711 992 3802 sunt,
1019 3725 1140 3785 tamen
1158 3713 1258 3790 distis

186 3837 267 3897 uon
283 3816 518 3907 obedientes,
544 3815 668 3890 odium
689 3816 882 3911 impietatis
900 3826 1096 3906 exercent,
1124 3818 1258 3889 verbo·

185 3935 270 3995 rum
287 3914 423 4011 lapidee
445 3916 631 4008 injiciunt,
657 3915 693 3989 dt
712 3915 737 3991 st
757 3913 923 4016 possent,
949 3915 994 3986 de
1014 3914 1152 3988 throno
1172 3937 1254 3993 eum

162 4016 254 4098 -suo
269 4016 308 4094 in
326 4035 471 4091 crucem
485 4015 723 4090 retraherent.
775 4013 824 4090 Et
841 4013 887 4088 de
901 4014 1031 4108 Judaeis
1052 4016 1193 4107 quidam
1211 4016 1257 4090 ad

186 4117 272 4196 disti
297 4116 404 4214 hujaa
429 4115 635 4192 novitatem
662 4113 858 4194 commotis
873 4115 924 4186 ita
942 4113 1127 4189 scribitur:
1160 4110 1256 4199 Tala.

185 4235 270 4294 runt
290 4217 523 4315 igitrriapides
545 4219 675 4314 Jadaei,
702 4233 822 4290 utram
837 4216 1031 4314 lapidarent.
1083 4215 1257 4311 Respondit

152 4324 240 4415 1173
273 4319 384 4400 mulsa
403 4317 487 4402 hnc
503 4337 598 4426 opero
615 4317 731 4422 oflenda'
747 4319 870 4396 orbita
888 4319 984 4396 Patre
990 4369 1002 4412 ,
1031 4318 1257 4417 propterquod

1107 4441 1211 4488 tollito
