2742 4959
552 613 838 706 VITA...
1132 585 1197 696 xvi

134 779 329 872 opstante,
361 783 495 850 contu
506 769 814 850 Ariomanitarum
830 769 977 850 haereiin
994 775 1185 856 inventum

134 922 156 984 t
213 900 266 976 Se
277 917 374 972 vero
387 896 481 970 hanc
496 914 631 968 vocem
646 907 795 988 remoto
810 896 909 970 omni
923 897 1094 972 haretico
1106 898 1184 974 sen·
1286 991 1289 998 Ι

134 1018 357 1122 aprofiteri,
382 1013 506 1090 verbis
520 1033 566 1090 ex
579 1009 722 1090 Hilario
734 1036 838 1113 pune
857 1019 1048 1114 conceptis
1068 1018 1183 1100 decla·
1275 1039 1277 1044 ·

134 1163 198 1224 int.

182 1263 390 1360 Abrogant
403 1253 534 1331 deinde
546 1252 779 1331 Ariminensrs
790 1253 944 1333 Concilii
954 1257 1064 1356 gesta,
1091 1262 1184 1355 ejuc-

134 1411 179 1468 ue
201 1389 351 1484 iegatoa
371 1378 488 1453 totius
510 1377 644 1452 fraudis
670 1375 886 1452 architedos
916 1384 1183 1460 communionis

134 1534 176 1586 ιε
197 1485 376 1584 exsortesx
391 1498 633 1591 denunciant,
659 1498 785 1574 &hoc
805 1499 969 1595 quidem,
994 1503 1184 1598 inquiunt,

134 1647 209 1708 txta
234 1621 364 1702 fratris
386 1616 501 1696 nostri
528 1619 654 1693 Hilarii
680 1617 946 1713 profeffionem.
1003 1623 1186 1702 Damnaut

134 1766 291 1828 reterea
309 1725 571 1816 Anomaeo'rum
585 1739 845 1834 blasphemiae,
870 1762 957 1835 quas
977 1742 1185 1822 Orientalea

134 1871 241 1950 uteris
260 1862 334 1940 suis
351 1859 597 1954 subjecerant:
619 1881 758 1952 eosque
777 1878 912 1958 negant
929 1862 1017 1938 sein
1035 1861 1185 1958 Episco-

134 2014 243 2070 prum
261 2002 419 2061 numero
438 1981 641 2072 habituros,
668 1980 727 2071 qui
742 1980 888 2077 indigne
902 1985 1185 2062 exulantiumse·

134 2119 212 2192 rhua
229 2101 376 2186 sunem
395 2098 486 2177 sunt.
537 2100 694 2174 Demum
709 2100 1006 2195 interminantur,
1041 2104 1187 2183 asacer·

134 2239 200 2314 otii
229 2226 349 2331 gradu
372 2221 594 2317 dejiciendos
619 2219 712 2314 effe,
751 2224 1129 2322 quotquotdeinceps
1146 2230 1186 2306 in

134 2357 236 2432 iaiiiis
256 2359 464 2422 autcontra
481 2343 612 2434 Deum,
639 2359 701 2416 aut
720 2361 849 2418 contra
864 2343 992 2420 Christi
1010 2351 1186 2445 unigeniti

134 2481 176 2552 iei
202 2464 431 2562 majestatem
459 2465 637 2557 quidpiam
665 2465 789 2538 doceri
814 2470 1083 2558 permitterent,
1122 2488 1186 2546 aut

134 2599 214 2672 tiam
234 2585 456 2666 homousion
477 2585 561 2673 alia,
596 2606 700 2677 quam
721 2585 983 2679 exposuerant,
1016 2584 1109 2676 fide,
1142 2612 1185 2666 ac

134 2702 661 2818 gnificationeproiiterentun
682 2708 944 2780 aenominatim
955 2706 1186 2791 Saturninum

134 2833 287 2933 ¹'piscopi
302 2829 451 2904 nomine
468 2826 650 2921 indignum
666 2826 887 2902 renuntiant.

185 2953 286 3030 Cum
310 2950 453 3026 interim
480 2946 555 3018 haec
577 2942 612 3017 se
631 2945 778 3018 audiore
803 2943 937 3022 Pariiiia
962 2949 1187 3046 agebantur,
1294 3027 1296 3030 ,

134 3075 277 3150 issariua
296 3064 741 3160 etiamConstmtmopoli
764 3065 902 3143 causam
918 3065 1002 3142 fidei
1022 3071 1055 3143 dt
1074 3069 1188 3146 fideii·

134 3215 174 3274 rm
189 3196 291 3294 egit,
328 3190 535 3264 adverterat
552 3186 647 3260 enim
662 3200 862 3262 extremum
879 3189 979 3264 hisce
1005 3190 1103 3266 &illi
1121 3215 1188 3288 pe·

134 3318 275 3392 iculum
297 3311 496 3386 imminere.
545 3303 635 3380 Cum
655 3303 823 3380 Anomaei
840 3304 1115 3387 Ariminensium
1136 3316 1189 3391 ie·

134 3453 286 3536 prorum
303 3427 476 3504 societate
491 3427 602 3520 adjuti
617 3427 704 3499 nihil
719 3428 935 3501 intentatum
948 3431 1187 3532 reliquerunt,

134 3573 157 3632 t
179 3552 414 3644 Orientalea,
448 3568 513 3644 per
534 3567 625 3641 quos
647 3548 866 3620 revocanda
887 3570 983 3622 verae
1005 3549 1089 3626 fidei
1109 3553 1187 3651 spes

134 3680 279 3774 padam
293 3671 489 3766 supererat,
515 3671 775 3764 opprimerent.
827 3667 935 3742 Petiit
950 3683 1038 3747 tunc
1056 3677 1100 3758 ab
1118 3677 1188 3753 Im.

134 3810 313 3890 oratore,
333 3807 377 3868 ut
394 3790 440 3866 de
456 3789 529 3866 fide
543 3790 688 3885 publice
708 3808 830 3862 coram
845 3790 1053 3868 adversariis
1073 3797 1134 3869 sibi
1146 3800 1189 3873 li·

134 3936 216 3997 etet
238 3914 453 4008 disceptare.
503 3909 588 3985 Hoc
604 3910 814 3984 eumtribus
826 3912 952 4000 libellis
967 3915 1185 4018 ppposciffe,

134 4041 192 4134 pst
214 4035 421 4134 Sulpicium
445 4031 565 4107 scribit
583 4031 824 4106 Fortunatus:
860 4030 920 4108 sed
939 4051 1092 4131 uterque
1110 4054 1186 4114 trea

134 4159 253 4256 diros,
288 4175 386 4252 quoa
401 4154 594 4228 etiamnum
612 4152 687 4228 hoc
708 4152 837 4227 titulo:
877 4157 918 4226 ln
936 4153 1186 4256 Constantium,

189 4287 236 4366 a
257 4275 486 4380 Constantium
502 4273 698 4371 habemur,
725 4271 870 4349 videtur
886 4273 1098 4354 confudisse.

1010 4396 1139 4479 Ariani
