2742 4959
193 613 295 752 ιοκςΙΙ
401 647 438 730 8.
468 643 667 732 Hrtaurr
696 670 756 726 nr
786 646 1062 728 Tjuru'rrnrr

193 825 304 898 enam.
319 816 442 890 ornnie'
467 814 546 892 liare
571 823 655 908 apta
681 809 864 906 responsio
893 811 963 888 est:
1007 817 1129 888 Mum
1153 813 1195 914 ns
1225 821 1270 894 in

194 917 280 1014 iuga:
308 913 471 1012 Quoniam
486 941 536 1010 ege
548 916 633 1006 dixi,
659 916 723 984 Dii
740 910 831 1010 estis?
861 916 902 986 Si
915 915 1061 1008 ergoisos
1070 916 1269 1010 dixilDear,

196 1021 238 1094 ad
257 1043 333 1118 ques
356 1017 487 1088 verbum
502 1011 667 1108 fufium
715 1015 798 1098 Dei,
834 1012 873 1092 U
887 1036 952 1086 nen
968 1015 1065 1113 peresi
1079 1013 1162 1104 salvi
1174 1021 1269 1090 Seri·

193 1135 316 1218 ptum
346 1141 439 1216 quem
463 1117 559 1188 Pater
571 1113 601 1204 s
669 1116 820 1207 ificavit,
852 1113 892 1192 U
908 1115 990 1212 infit
1014 1117 1155 1192 inirem
1172 1143 1268 1192 man·

195 1221 290 1304 dum,
313 1219 505 1308 utsdicilir,
530 1220 605 1314 qaia
618 1214 845 1310 blasphemavi,
872 1220 1021 1313 qnoniam
1039 1215 1127 1294 dixi:
1155 1219 1266 1292 Filius

198 1323 267 1396 Dei
278 1315 375 1408 sarm?
407 1321 448 1390 Si
463 1339 529 1387 non
537 1316 627 1409 facio
638 1333 730 1412 opere
748 1319 881 1403 Patris,
908 1315 1009 1390 mliii
1022 1319 1141 1391 credere
1156 1321 1264 1394 milri:

185 1419 334 1521 pausem
343 1417 444 1510 facio,
467 1415 508 1494 U
522 1418 605 1486 nihi
620 1438 688 1486 non
703 1418 810 1488 valiis
824 1417 955 1503 nederc,
981 1419 1119 1514 operibns
1131 1422 1265 1505 eredita

196 1535 239 1603 ul
249 1523 380 1609 sciatis,
416 1515 680 1612 veementis,
715 1521 863 1614 queniam
887 1520 985 1588 Pater
1002 1523 1040 1588 in
1053 1543 1118 1605 me,
1153 1517 1192 1595 6
1208 1543 1262 1612 ego

92 1639 95 1646 ·
195 1624 291 1702 ᾱπω.
344 1613 491 1691 Causam
506 1614 746 1709 responsionis
762 1616 863 1689 causa
878 1613 1027 1708 objeeiae
1047 1619 1080 1692 ei
1097 1619 1263 1713 blasphe-

194 1720 276 1796 mie
293 1717 426 1792 intulit
478 1715 521 1790 ld
540 1718 638 1790 enirn
659 1716 703 1788 ad
720 1716 854 1790 crimen
874 1715 1135 1812 deputabatur,
1161 1718 1263 1810 quod

192 1819 253 1912 se,
288 1839 370 1892 cum
393 1814 633 1908 bonnella,
668 1813 789 1890 Deum
807 1816 955 1890 faceret.
1007 1817 1129 1892 Deum
1142 1831 1263 1892 autem

192 1915 365 1998 sefacere
383 1918 499 2012 perid
515 1921 744 2012 arguebatur,
771 1917 870 2008 quod
884 1914 1042 1992 dixisset:
1070 1918 1136 2012 Ego
1149 1921 1189 1996 0
1205 1921 1264 1990 Pa·

194 2037 248 2094 aer
261 2037 362 2092 unum
377 2020 496 2100 sumes.
545 2015 866 2091 Demonstraturue
888 2018 1010 2108 itaque
1028 2019 1124 2109 hoc,
1163 2014 1261 2111 quod

189 2119 269 2216 ipse
292 2121 326 2192 dr
351 2119 458 2200 Pater
478 2137 589 2191 unum
610 2114 744 2207 essent,
780 2138 827 2190 ex
842 2117 1042 2191 nativitatis
1056 2115 1262 2212 usurpatum

193 2219 423 2307 alienatum
449 2219 487 2290 in
502 2231 549 2288 eo
564 2218 717 2306 primum
732 2217 902 2313 ineptiant
917 2216 1057 2290 ridiculi
1071 2217 1262 2312 opprobrii

194 2319 387 2407 confutat,
424 2335 488 2388 cur
508 2317 544 2386 in
560 2329 701 2388 reatum
718 2329 936 2410 vocaretur,
971 2318 1071 2410 quod
1087 2316 1144 2412 se,
1181 2338 1263 2392 cum

191 2419 310 2498 homo
333 2415 443 2507 esset,
478 2415 597 2488 Deunr
624 2413 773 2489 faceret.
827 2413 918 2490 Cum
944 2418 1039 2491 enim
1068 2418 1128 2492 lex
1157 2418 1262 2513 hujus

191 2519 351 2596 nominis
367 2513 645 2610 appellationem
666 2510 790 2587 sanetis
810 2516 1016 2590 horninibus
1037 2518 1263 2610 decerneret,

193 2620 230 2695 dt
251 2618 366 2692 sermo
389 2617 459 2692 Dei
482 2612 732 2689 indissolubilis
749 2613 982 2690 confirmaret
999 2619 1091 2691 hanc
1105 2619 1262 2712 imperiti

190 2719 350 2797 nominis
375 2715 650 2810 proseffionern3
690 2716 879 2806 quomodo
907 2719 989 2809 hic,
1028 2740 1133 2809 quern
1156 2719 1263 2792 Pater

190 2819 450 2909 sanilisrcalset,
478 2816 636 2907 &quern
653 2815 979 2890 inhuncmundum
990 2818 1142 2911 misisset,
1171 2821 1263 2892 blas·

191 2923 343 3020 phemus
362 2917 469 3010 esset,
494 2917 564 2990 Dei
581 2915 616 2988 se
630 2911 743 2989 filium
759 2912 994 3005 confitend03
1021 2917 1103 2992 duur
1122 2939 1262 3015 cogno·

190 3023 347 3098 minatos
366 3041 429 3112 per
444 3020 558 3115 legem
582 3015 684 3089 Deos
704 3013 952 3090 indissolubilis
974 3018 1044 3091 Dei
1064 3016 1180 3092 sermo
1197 3018 1262 3093 sta·

131 3207 135 3214 ,
188 3117 338 3195 ruisset?
373 3119 452 3212 Janr
474 3137 563 3211 ergo
577 3136 654 3188 non
668 3112 721 3187 est
737 3117 914 3211 criminis,
951 3116 1050 3209 quod
1066 3117 1101 3193 se
1120 3116 1261 3212 Deum,

189 3237 273 3293 curn
295 3220 407 3291 horno
431 3217 495 3307 stt,
531 3214 662 3302 saciat3
696 3237 876 3308 tumens,
912 3222 970 3311 qui
990 3221 1152 3293 homines
1171 3220 1260 3310 fint,

187 3320 250 3394 lex
260 3317 365 3390 Deos
381 3317 523 3390 dixerit.
575 3312 663 3388 Etsr
680 3318 852 3389 acaeteris
864 3319 1067 3392 hominibus
1083 3338 1157 3389 non
1173 3318 1263 3390 irre-

188 3418 313 3516 ligiosa
334 3415 437 3510 hujus
466 3416 622 3490 nominis
644 3414 829 3508 usurpatio
850 3416 922 3504 est;
961 3417 1003 3489 ab
1022 3438 1068 3488 eo
1089 3414 1260 3507 homine,

190 3539 298 3611 quern
321 3518 425 3592 Pater
442 3514 699 3604 sandiificavit3
727 3519 844 3593 omnis
864 3519 957 3590 enim
971 3515 1029 3588 hic
1046 3515 1091 3586 de
1108 3514 1263 3590 homine

187 3618 375 3711 responsio
392 3617 463 3712 est,
490 3619 573 3712 quia
592 3616 665 3690 Dei
680 3614 774 3690 filius
793 3619 899 3692 etiarn
913 3614 1068 3690 hominis
1084 3611 1177 3685 filius
1192 3613 1259 3708 est,

121 3739 136 3752 ·
185 3739 266 3796 -uon
288 3719 518 3810 impudenter
543 3716 701 3810 usurpari
725 3718 891 3810 videtur,
927 3715 1026 3805 quod
1052 3714 1123 3787 Dei
1145 3712 1259 3789 silium

189 3815 344 3904 dixerit3
374 3839 455 3890 curn
470 3818 652 3911 precellat
676 3830 845 3911 ceteros,
871 3815 930 3909 qui
950 3818 1210 3912 cognominare
1222 3815 1259 3888 se

187 3939 267 3998 non
290 3917 487 4012 irreligiose
506 3917 612 3992 Deos
636 3916 803 4011 poliunt,
830 3938 893 4011 per
909 3914 965 3998 id,
993 3919 1090 4007 quod
1108 3912 1257 3988 sandlifi-

189 4033 293 4094 cante
309 4018 347 4092 in
368 4015 479 4092 filium
498 4016 566 4090 est:
591 4022 702 4092 beato
723 4016 836 4091 Paulo
858 4013 1039 4090 scientiam
1058 4018 1165 4091 nobis
1180 4014 1257 4089 san·

188 4117 419 4194 deificationis
432 4116 530 4190 istius
545 4118 753 4210 intimante,
780 4137 860 4192 curn
881 4116 948 4190 ait:
981 4119 1072 4210 Quod
1087 4135 1165 4189 arare
1180 4138 1257 4210 pro.

184 4213 273 4316 iniſse
291 4239 350 4316 per
364 4217 534 4317 prophetas
550 4219 622 4308 piros
646 4227 684 4288 in
709 4221 887 4314 Scripturir
899 4217 1021 4307 senilia
1043 4222 1080 4290 da
1090 4219 1163 4310 filio
1173 4216 1256 4304 suo,

168 4319 364 4422 quisalius
380 4319 424 4430 est
442 4319 611 4420 definitur
629 4320 745 4398 flavii
758 4320 928 4417 [erundum
946 4345 1093 4406 carerem,
1126 4321 1181 4413 qm·
1205 4318 1261 4390 de-

1074 4418 1207 4510 §linatur
