2742 4959
148 697 175 757 r.
485 649 887 755 &diruente

150 835 188 915 S.
207 833 307 915 Petri
333 834 379 913 de
400 833 493 914 urbe
519 835 694 931 debetur3
732 839 888 932 denique
904 835 941 912 in
960 832 1170 919 Cernoteosr
1191 844 1202 921 i

132 947 246 1059 ‘urse
271 959 445 1053 inquibus
456 969 728 1051 cetereextent,
754 958 1202 1056 desrderrnturduopriorr

253 1080 398 1179 Singula
419 1078 463 1155 ad
483 1078 701 1177 suspiciones
720 1077 939 1154 emovendos
957 1101 1004 1154 eo
1018 1088 1129 1180 magis
1145 1086 1201 1162 sun

150 1199 299 1295 idonee,
326 1199 425 1294 quod
441 1220 488 1276 ex
505 1202 548 1275 iis
558 1200 646 1297 ipfie
655 1200 749 1276 recir
760 1195 831 1276 sese
845 1213 975 1297 purget
989 1199 1161 1299 Hilarius,
1187 1209 1198 1282 i

152 1325 284 1421 quibus
298 1318 534 1418 reprehensus
553 1321 683 1397 fueret
733 1320 885 1415 Volupe
900 1316 970 1414 est,
1005 1342 1052 1396 ex
1066 1322 1144 1419 ipso
1161 1326 1201 1401 H:

150 1433 246 1521 serio
261 1439 398 1535 audire,
425 1455 557 1535 quante
573 1441 610 1515 in
625 1440 866 1537 temperandis
885 1441 1054 1515 omnibus
1073 1442 1201 1519 librist

150 1561 277 1637 verbis
300 1559 491 1659 prudentie
518 1559 562 1636 fit
583 1558 677 1640 usur.
726 1559 855 1636 Mirari
874 1573 1049 1657 oportet,
1074 1560 1201 1641 snut

151 1699 273 1761 emme
281 1680 458 1758 Hilarium
471 1679 791 1772 demonstrantem,
816 1677 852 1754 se
865 1678 1201 1777 Orientalerquider

150 1798 331 1881 srudrffes
359 1795 421 1875 sed
437 1801 572 1894 absque
586 1800 803 1875 adulationis
822 1802 938 1896 vitio,
977 1817 1110 1898 utpote
1130 1826 1201 1901 quo

152 1923 350 2021 objurgare
370 1917 435 1994 suo
456 1919 546 1995 loco
563 1941 641 1995 non
657 1921 893 2017 preterierit3
920 1943 963 1996 rc
979 1924 1066 1997 lieet
1087 1925 1200 1999 bland

151 2041 220 2122 'eor
242 2042 407 2119 sermone
420 2041 601 2117 allocutus
618 2037 683 2135 st,
707 2038 744 2115 id
762 2036 798 2115 se
813 2039 1003 2136 presertim
1019 2040 1155 2138 fecisse,
1180 2066 1200 2118 u

149 2163 323 2261 procacia
336 2157 515 2259 effugiens
533 2159 718 2243 convicia,
733 2160 879 2235 occulte
890 2184 1017 2239 eorum
1028 2164 1200 2259 expositic

150 2302 239 2361 num
255 2279 416 2356 scandala
431 2280 555 2353 utilius
573 2279 704 2354 deinde
718 2280 910 2373 proderet:
937 2305 1055 2377 neque
1078 2306 1170 2360 vero
1187 2285 1200 2359 s

151 2423 299 2480 omnem
315 2401 359 2476 ab
379 2400 430 2498 eis
446 2396 681 2500 suspicionem
693 2397 871 2494 ademisse,
899 2424 990 2495 quos
1004 2426 1079 2480 non
1098 2426 1200 2482 verat

150 2522 275 2616 fidem,
301 2519 360 2596 sed
376 2534 515 2595 tantum
530 2514 720 2593 veraefidei
734 2524 951 2597 revocanda
962 2523 1057 2622 spem
1069 2524 1200 2601 attuiiss

151 2644 305 2720 dixerit:
331 2639 366 2715 se
387 2640 541 2732 denique
556 2637 796 2716 homoeusron
814 2643 984 2739 invitum,
1010 2668 1053 2721 ac
1073 2648 1200 2743 soiopr

151 2767 204 2841 cis
223 2761 371 2852 studio,
395 2781 442 2835 ne
463 2759 637 2834 videlicet
661 2781 682 2836 e
701 2759 875 2837 Lucifero
896 2763 982 2838 iliud
1003 2768 1198 2859 predicant

90 2863 94 2878 ¹
150 2884 348 2963 diffideret,
375 2881 515 2955 cautela
532 2894 666 2974 quante
684 2883 836 2957 maxima
852 2880 1045 2977 suscepisse.

251 2996 444 3075 Manifeste
458 2996 636 3073 refellitur
648 3002 778 3076 exinde
793 3004 950 3102 vulgaris
968 3000 1116 3101 opinio,
1151 3027 1196 3102 qu

150 3117 310 3201 Hilarius
328 3118 559 3214 Orientales,
592 3119 652 3214 qui
667 3118 872 3193 Senioriani
895 3125 1007 3220 vulgo
1034 3137 1199 3225 cognomi

149 3255 306 3336 nentur,
340 3239 443 3313 velut
464 3238 699 3314 orthodoxos
714 3237 893 3333 habuisse,
931 3263 1129 3339 eorumque
1147 3249 1199 3322 for

150 3367 265 3444 mulas
275 3376 453 3453 tamquam
466 3359 664 3434 catholicas
676 3358 887 3454 approbasse
900 3359 1128 3443 existimatur.
1156 3369 1199 3441 Vi

151 3487 207 3563 dit
227 3482 371 3577 quidem
398 3498 464 3553 eos
486 3479 532 3554 ed
556 3472 808 3589 veram'fidem
833 3479 1052 3581 progressum
1076 3486 1197 3564 facere

149 3605 246 3683 vidit
260 3618 388 3677 eorum
403 3598 577 3676 formulas
594 3595 694 3674 sensu
710 3601 895 3677 catholico
913 3602 1110 3680 intellectas
1127 3630 1198 3703 que

150 3721 347 3804 dnmmodo
366 3717 454 3795 ferri
468 3714 589 3814 posse;
625 3718 817 3801 laudavit,'
834 3723 1054 3817 &quantum
1073 3731 1196 3825 potuit

149 3841 343 3947 promovit
358 3838 588 3934 recedenter,
612 3838 729 3932 iisque
744 3861 869 3918 verum
891 3842 1150 3925 confessionum
1166 3850 1198 3924 su

149 3984 251 4044 arum
269 3955 428 4054 sensum,
460 3957 558 4035 stite
581 3956 704 4033 dicere
722 3959 850 4056 liceat,
885 3964 1037 4065 digessit,
1072 3970 1107 4045 dr
1124 3978 1198 4061 ques

147 4084 324 4183 liquatum
339 4077 471 4156 blande
488 4078 720 4177 propiorvitr
746 4093 783 4155 rt
794 4097 837 4156 ut
850 4085 995 4179 prorsus
1013 4090 1196 4165 catholico

145 4198 275 4284 habuit
298 4218 501 4299 nunquem.
517 4198 651 4298 'nequ
667 4196 905 4302 suspicionem
923 4212 969 4288 ab
989 4210 1042 4287 eir
1059 4207 1198 4284 ediner-

145 4325 283 4407 toiuit.

1068 4441 1169 4525 Hinc
