<?xml version="1.0" encoding="UTF-8"?>
<!DOCTYPE html PUBLIC "-//W3C//DTD XHTML 1.0 Transitional//EN"
    "http://www.w3.org/TR/xhtml1/DTD/xhtml1-transitional.dtd">
<html xmlns="http://www.w3.org/1999/xhtml" xml:lang="en" lang="en">
 <head>
  <title>
</title>
<meta http-equiv="Content-Type" content="text/html;charset=utf-8" />
  <meta name='ocr-system' content='tesseract 3.04.00' />
  <meta name='ocr-capabilities' content='ocr_page ocr_carea ocr_par ocr_line ocrx_word'/>
</head>
<body>
  <div class='ocr_page' id='page_1' title='image "./operaomniasanct00librgoog/operaomniasanct00librgoog_0112.png"; bbox 0 0 2742 4959; ppageno 0'>
   <div class='ocr_carea' id='block_1_1' title="bbox 832 238 860 273">
    <p class='ocr_par' dir='ltr' id='par_1_1' title="bbox 832 238 860 273">
     <span class='ocr_line' id='line_1_1' title="bbox 832 238 860 273; baseline 0 -24"><span class='ocrx_word' id='word_1_1' title='bbox 832 238 860 273; x_wconf 61' lang='lat' dir='ltr'>r*</span> 
     </span>
    </p>
   </div>
   <div class='ocr_carea' id='block_1_2' title="bbox 177 633 907 724">
    <p class='ocr_par' dir='ltr' id='par_1_2' title="bbox 177 633 907 724">
     <span class='ocr_line' id='line_1_2' title="bbox 177 633 907 724; baseline -0.015 0"><span class='ocrx_word' id='word_1_2' title='bbox 177 659 284 724; x_wconf 74' lang='lat' dir='ltr'>naxus</span> <span class='ocrx_word' id='word_1_3' title='bbox 518 633 907 717; x_wconf 64' lang='lat' dir='ltr'>&amp;litusens</span> 
     </span>
    </p>
   </div>
   <div class='ocr_carea' id='block_1_3' title="bbox 92 796 1294 4371">
    <p class='ocr_par' dir='ltr' id='par_1_3' title="bbox 180 796 1294 1872">
     <span class='ocr_line' id='line_1_3' title="bbox 180 796 1248 896; baseline -0.001 -21"><span class='ocrx_word' id='word_1_4' title='bbox 180 804 258 895; x_wconf 80' lang='lat' dir='ltr'>fia,</span> <span class='ocrx_word' id='word_1_5' title='bbox 286 802 376 875; x_wconf 89' lang='lat' dir='ltr'>alter</span> <span class='ocrx_word' id='word_1_6' title='bbox 391 797 522 878; x_wconf 71' lang='lat' dir='ltr'>Mursa</span> <span class='ocrx_word' id='word_1_7' title='bbox 537 798 733 884; x_wconf 74' lang='lat' dir='ltr'>Pannonia</span> <span class='ocrx_word' id='word_1_8' title='bbox 748 798 919 896; x_wconf 85' lang='lat' dir='ltr'>Episcopi</span> <span class='ocrx_word' id='word_1_9' title='bbox 938 818 1019 875; x_wconf 85' lang='lat' dir='ltr'>cunt</span> <span class='ocrx_word' id='word_1_10' title='bbox 1038 796 1248 891; x_wconf 73' lang='lat' dir='ltr'>Cajocqus</span> 
     </span>
     <span class='ocr_line' id='line_1_4' title="bbox 182 914 1284 1014; baseline -0.008 -9"><span class='ocrx_word' id='word_1_11' title='bbox 182 921 409 1005; x_wconf 82' lang='lat' dir='ltr'>Pannoneds</span> <span class='ocrx_word' id='word_1_12' title='bbox 431 920 619 998; x_wconf 89' lang='lat' dir='ltr'>Germinio</span> <span class='ocrx_word' id='word_1_13' title='bbox 639 918 766 1014; x_wconf 87' lang='lat' dir='ltr'>Cyzici</span> <span class='ocrx_word' id='word_1_14' title='bbox 784 919 951 1014; x_wconf 88' lang='lat' dir='ltr'>primum,</span> <span class='ocrx_word' id='word_1_15' title='bbox 977 919 1105 994; x_wconf 89' lang='lat' dir='ltr'>deinde</span> <span class='ocrx_word' id='word_1_16' title='bbox 1118 914 1249 1012; x_wconf 85' lang='lat' dir='ltr'>Syrinii</span> <span class='ocrx_word' id='word_1_17' title='bbox 1281 991 1284 996; x_wconf 87' lang='lat'>.</span> 
     </span>
     <span class='ocr_line' id='line_1_5' title="bbox 182 1039 1250 1139; baseline -0.007 -19"><span class='ocrx_word' id='word_1_18' title='bbox 182 1040 384 1139; x_wconf 78' lang='lat' dir='ltr'><strong>Episcopo,</strong></span> <span class='ocrx_word' id='word_1_19' title='bbox 410 1043 524 1115; x_wconf 83' lang='lat' dir='ltr'>totius</span> <span class='ocrx_word' id='word_1_20' title='bbox 533 1040 940 1138; x_wconf 81' lang='lat' dir='ltr'>Arianorumtragoediae</span> <span class='ocrx_word' id='word_1_21' title='bbox 953 1039 1114 1136; x_wconf 80' lang='lat' dir='ltr'>choragi,</span> <span class='ocrx_word' id='word_1_22' title='bbox 1140 1052 1250 1132; x_wconf 82' lang='lat' dir='ltr'>atque</span> 
     </span>
     <span class='ocr_line' id='line_1_6' title="bbox 185 1157 1251 1254; baseline -0.007 -15"><span class='ocrx_word' id='word_1_23' title='bbox 185 1164 278 1239; x_wconf 89' lang='lat' dir='ltr'>adeo</span> <span class='ocrx_word' id='word_1_24' title='bbox 298 1162 500 1254; x_wconf 83' lang='lat' dir='ltr'>hypocrite</span> <span class='ocrx_word' id='word_1_25' title='bbox 521 1161 750 1248; x_wconf 69' lang='lat' dir='ltr'>extiterunt,</span> <span class='ocrx_word' id='word_1_26' title='bbox 770 1158 814 1233; x_wconf 93' lang='lat' dir='ltr'>ad</span> <span class='ocrx_word' id='word_1_27' title='bbox 830 1178 1039 1252; x_wconf 89' lang='lat' dir='ltr'>quoscum,</span> <span class='ocrx_word' id='word_1_28' title='bbox 1064 1172 1106 1232; x_wconf 90' lang='lat' dir='ltr'>ut</span> <span class='ocrx_word' id='word_1_29' title='bbox 1121 1157 1171 1230; x_wconf 89' lang='lat' dir='ltr'>ait</span> <span class='ocrx_word' id='word_1_30' title='bbox 1183 1176 1251 1232; x_wconf 92' lang='lat' dir='ltr'>no-</span> 
     </span>
     <span class='ocr_line' id='line_1_7' title="bbox 184 1275 1254 1373; baseline -0.009 -13"><span class='ocrx_word' id='word_1_31' title='bbox 184 1281 256 1360; x_wconf 85' lang='lat' dir='ltr'>ster</span> <span class='ocrx_word' id='word_1_32' title='bbox 268 1281 441 1373; x_wconf 78' lang='lat' dir='ltr'>Hilarius,</span> <span class='ocrx_word' id='word_1_33' title='bbox 467 1278 593 1354; x_wconf 86' lang='lat' dir='ltr'>Ariani</span> <span class='ocrx_word' id='word_1_34' title='bbox 609 1281 765 1355; x_wconf 88' lang='lat' dir='ltr'>nominis</span> <span class='ocrx_word' id='word_1_35' title='bbox 780 1278 965 1354; x_wconf 80' lang='lat' dir='ltr'>haereditas</span> <span class='ocrx_word' id='word_1_36' title='bbox 975 1275 1182 1353; x_wconf 85' lang='lat' dir='ltr'>&amp;succeffio</span> <span class='ocrx_word' id='word_1_37' title='bbox 1193 1277 1254 1351; x_wconf 83' lang='lat' dir='ltr'>de·</span> 
     </span>
     <span class='ocr_line' id='line_1_8' title="bbox 186 1395 1255 1494; baseline -0.008 -15"><span class='ocrx_word' id='word_1_38' title='bbox 186 1395 367 1492; x_wconf 83' lang='lat' dir='ltr'>fluxisset,</span> <span class='ocrx_word' id='word_1_39' title='bbox 380 1422 457 1480; x_wconf 92' lang='lat' dir='ltr'>non</span> <span class='ocrx_word' id='word_1_40' title='bbox 475 1401 546 1477; x_wconf 83' lang='lat' dir='ltr'>aust</span> <span class='ocrx_word' id='word_1_41' title='bbox 561 1416 688 1494; x_wconf 87' lang='lat' dir='ltr'>aperto</span> <span class='ocrx_word' id='word_1_42' title='bbox 706 1399 828 1474; x_wconf 87' lang='lat' dir='ltr'>Marte</span> <span class='ocrx_word' id='word_1_43' title='bbox 843 1396 926 1474; x_wconf 88' lang='lat' dir='ltr'>fidei</span> <span class='ocrx_word' id='word_1_44' title='bbox 943 1399 1101 1474; x_wconf 81' lang='lat' dir='ltr'>Nicaenar</span> <span class='ocrx_word' id='word_1_45' title='bbox 1119 1398 1255 1472; x_wconf 89' lang='lat' dir='ltr'>bellum</span> 
     </span>
     <span class='ocr_line' id='line_1_9' title="bbox 185 1518 1254 1614; baseline -0.009 -16"><span class='ocrx_word' id='word_1_46' title='bbox 185 1522 348 1598; x_wconf 86' lang='lat' dir='ltr'>indicere</span> <span class='ocrx_word' id='word_1_47' title='bbox 363 1518 475 1595; x_wconf 89' lang='lat' dir='ltr'>stante</span> <span class='ocrx_word' id='word_1_48' title='bbox 494 1520 571 1614; x_wconf 91' lang='lat' dir='ltr'>ipso</span> <span class='ocrx_word' id='word_1_49' title='bbox 586 1520 802 1607; x_wconf 72' lang='lat' dir='ltr'>Athanasio,</span> <span class='ocrx_word' id='word_1_50' title='bbox 834 1541 940 1614; x_wconf 87' lang='lat' dir='ltr'>quem</span> <span class='ocrx_word' id='word_1_51' title='bbox 954 1519 1158 1612; x_wconf 87' lang='lat' dir='ltr'>strenuum,</span> <span class='ocrx_word' id='word_1_52' title='bbox 1192 1538 1254 1589; x_wconf 90' lang='lat' dir='ltr'>ro·</span> 
     </span>
     <span class='ocr_line' id='line_1_10' title="bbox 187 1620 1294 1735; baseline -0.01 -15"><span class='ocrx_word' id='word_1_53' title='bbox 187 1639 402 1732; x_wconf 85' lang='lat' dir='ltr'>bustumque</span> <span class='ocrx_word' id='word_1_54' title='bbox 423 1644 499 1734; x_wconf 89' lang='lat' dir='ltr'>ejus</span> <span class='ocrx_word' id='word_1_55' title='bbox 514 1654 844 1735; x_wconf 82' lang='lat' dir='ltr'>propugnatorem,</span> <span class='ocrx_word' id='word_1_56' title='bbox 884 1660 926 1716; x_wconf 92' lang='lat' dir='ltr'>ac</span> <span class='ocrx_word' id='word_1_57' title='bbox 946 1641 1072 1733; x_wconf 88' lang='lat' dir='ltr'>plane,</span> <span class='ocrx_word' id='word_1_58' title='bbox 1104 1653 1148 1714; x_wconf 91' lang='lat' dir='ltr'>ut</span> <span class='ocrx_word' id='word_1_59' title='bbox 1172 1656 1256 1710; x_wconf 88' lang='lat' dir='ltr'>eum</span> <span class='ocrx_word' id='word_1_60' title='bbox 1290 1620 1294 1631; x_wconf 77' lang='grc'><strong>’</strong></span> 
     </span>
     <span class='ocr_line' id='line_1_11' title="bbox 188 1759 1257 1872; baseline -0.011 -31"><span class='ocrx_word' id='word_1_61' title='bbox 188 1762 356 1859; x_wconf 82' lang='lat' dir='ltr'>indigitat</span> <span class='ocrx_word' id='word_1_62' title='bbox 365 1760 631 1850; x_wconf 87' lang='lat' dir='ltr'>Nazianzenus,</span> <span class='ocrx_word' id='word_1_63' title='bbox 657 1772 789 1839; x_wconf 70' lang='lat' dir='ltr'>aronae</span> <span class='ocrx_word' id='word_1_64' title='bbox 802 1759 1257 1872; x_wconf 63' lang='lat' dir='ltr'>cm-Eapnaosaevereban·</span> 
     </span>
    </p>

    <p class='ocr_par' dir='ltr' id='par_1_4' title="bbox 126 1878 1265 2569">
     <span class='ocr_line' id='line_1_12' title="bbox 126 1878 1259 1977; baseline -0.005 -21"><span class='ocrx_word' id='word_1_65' title='bbox 126 1903 133 1927; x_wconf 73' lang='lat'><strong><em>⁹</em></strong></span> <span class='ocrx_word' id='word_1_66' title='bbox 189 1896 273 1976; x_wconf 89' lang='lat' dir='ltr'>tur,</span> <span class='ocrx_word' id='word_1_67' title='bbox 299 1881 472 1955; x_wconf 87' lang='lat' dir='ltr'>cuniculis</span> <span class='ocrx_word' id='word_1_68' title='bbox 488 1881 523 1954; x_wconf 91' lang='lat' dir='ltr'>id</span> <span class='ocrx_word' id='word_1_69' title='bbox 539 1902 643 1977; x_wconf 86' lang='lat' dir='ltr'>agere</span> <span class='ocrx_word' id='word_1_70' title='bbox 654 1878 874 1971; x_wconf 88' lang='lat' dir='ltr'>statuerunt,</span> <span class='ocrx_word' id='word_1_71' title='bbox 900 1878 1084 1973; x_wconf 86' lang='lat' dir='ltr'>ipsumque</span> <span class='ocrx_word' id='word_1_72' title='bbox 1098 1878 1259 1954; x_wconf 85' lang='lat' dir='ltr'>Athana·</span> 
     </span>
     <span class='ocr_line' id='line_1_13' title="bbox 191 1998 1259 2093; baseline -0.007 -14"><span class='ocrx_word' id='word_1_73' title='bbox 191 2003 279 2080; x_wconf 87' lang='lat' dir='ltr'>stum</span> <span class='ocrx_word' id='word_1_74' title='bbox 293 2001 331 2074; x_wconf 91' lang='lat' dir='ltr'>in</span> <span class='ocrx_word' id='word_1_75' title='bbox 351 2000 473 2093; x_wconf 87' lang='lat' dir='ltr'>primis</span> <span class='ocrx_word' id='word_1_76' title='bbox 484 2001 685 2090; x_wconf 79' lang='lat' dir='ltr'>tollendum</span> <span class='ocrx_word' id='word_1_77' title='bbox 696 2000 1006 2093; x_wconf 82' lang='lat' dir='ltr'>evertendumque</span> <span class='ocrx_word' id='word_1_78' title='bbox 1019 1998 1259 2091; x_wconf 87' lang='lat' dir='ltr'>susceperunt.</span> 
     </span>
     <span class='ocr_line' id='line_1_14' title="bbox 193 2117 1262 2223; baseline -0.008 -23"><span class='ocrx_word' id='word_1_79' title='bbox 193 2122 294 2200; x_wconf 87' lang='lat' dir='ltr'>Hinc</span> <span class='ocrx_word' id='word_1_80' title='bbox 323 2122 391 2196; x_wconf 89' lang='lat' dir='ltr'>illae</span> <span class='ocrx_word' id='word_1_81' title='bbox 409 2121 455 2194; x_wconf 90' lang='lat' dir='ltr'>de</span> <span class='ocrx_word' id='word_1_82' title='bbox 471 2117 626 2195; x_wconf 86' lang='lat' dir='ltr'>Arsenio</span> <span class='ocrx_word' id='word_1_83' title='bbox 639 2120 858 2223; x_wconf 80' lang='lat' dir='ltr'>interseilo,</span> <span class='ocrx_word' id='word_1_84' title='bbox 893 2117 1130 2197; x_wconf 75' lang='lat' dir='ltr'>&amp;consraiio</span> <span class='ocrx_word' id='word_1_85' title='bbox 1149 2118 1262 2193; x_wconf 86' lang='lat' dir='ltr'>calice</span> 
     </span>
     <span class='ocr_line' id='line_1_15' title="bbox 194 2239 1264 2332; baseline -0.004 -16"><span class='ocrx_word' id='word_1_86' title='bbox 194 2239 301 2316; x_wconf 86' lang='lat' dir='ltr'>sacris</span> <span class='ocrx_word' id='word_1_87' title='bbox 316 2239 491 2330; x_wconf 86' lang='lat' dir='ltr'>mysteriis</span> <span class='ocrx_word' id='word_1_88' title='bbox 506 2239 683 2314; x_wconf 90' lang='lat' dir='ltr'>destinato</span> <span class='ocrx_word' id='word_1_89' title='bbox 697 2241 900 2317; x_wconf 75' lang='lat' dir='ltr'>calumnie:</span> <span class='ocrx_word' id='word_1_90' title='bbox 926 2260 1072 2331; x_wconf 86' lang='lat' dir='ltr'>quarum</span> <span class='ocrx_word' id='word_1_91' title='bbox 1083 2253 1264 2332; x_wconf 77' lang='lat' dir='ltr'>praetextu</span> 
     </span>
     <span class='ocr_line' id='line_1_16' title="bbox 197 2357 1262 2453; baseline -0.003 -17"><span class='ocrx_word' id='word_1_92' title='bbox 197 2380 281 2448; x_wconf 74' lang='lat' dir='ltr'>clun</span> <span class='ocrx_word' id='word_1_93' title='bbox 298 2381 318 2432; x_wconf 88' lang='lat' dir='ltr'>a</span> <span class='ocrx_word' id='word_1_94' title='bbox 335 2357 486 2434; x_wconf 80' lang='lat' dir='ltr'>saciiofis</span> <span class='ocrx_word' id='word_1_95' title='bbox 502 2359 706 2452; x_wconf 78' lang='lat' dir='ltr'>depositus,</span> <span class='ocrx_word' id='word_1_96' title='bbox 734 2359 1037 2453; x_wconf 87' lang='lat' dir='ltr'>imperatorisque</span> <span class='ocrx_word' id='word_1_97' title='bbox 1055 2359 1206 2434; x_wconf 84' lang='lat' dir='ltr'>decreto</span> <span class='ocrx_word' id='word_1_98' title='bbox 1222 2359 1262 2433; x_wconf 92' lang='lat' dir='ltr'>in</span> 
     </span>
     <span class='ocr_line' id='line_1_17' title="bbox 197 2476 1265 2569; baseline -0.003 -14"><span class='ocrx_word' id='word_1_99' title='bbox 197 2481 345 2555; x_wconf 80' lang='lat' dir='ltr'>exilium</span> <span class='ocrx_word' id='word_1_100' title='bbox 368 2477 484 2552; x_wconf 88' lang='lat' dir='ltr'>missus</span> <span class='ocrx_word' id='word_1_101' title='bbox 510 2476 618 2569; x_wconf 86' lang='lat' dir='ltr'>esset,</span> <span class='ocrx_word' id='word_1_102' title='bbox 644 2493 746 2552; x_wconf 89' lang='lat' dir='ltr'>totus</span> <span class='ocrx_word' id='word_1_103' title='bbox 769 2482 867 2554; x_wconf 88' lang='lat' dir='ltr'>orbis</span> <span class='ocrx_word' id='word_1_104' title='bbox 884 2481 975 2554; x_wconf 87' lang='lat' dir='ltr'>tanti</span> <span class='ocrx_word' id='word_1_105' title='bbox 996 2480 1065 2551; x_wconf 87' lang='lat' dir='ltr'>viri</span> <span class='ocrx_word' id='word_1_106' title='bbox 1082 2478 1162 2552; x_wconf 91' lang='lat' dir='ltr'>casu</span> <span class='ocrx_word' id='word_1_107' title='bbox 1176 2500 1265 2553; x_wconf 82' lang='lat' dir='ltr'>con·</span> 
     </span>
    </p>

    <p class='ocr_par' dir='ltr' id='par_1_5' title="bbox 100 2595 1269 3422">
     <span class='ocr_line' id='line_1_18' title="bbox 100 2595 1265 2698; baseline -0.003 -20"><span class='ocrx_word' id='word_1_108' title='bbox 100 2595 103 2600; x_wconf 70' lang='grc'><strong>’</strong></span> <span class='ocrx_word' id='word_1_109' title='bbox 198 2601 315 2678; x_wconf 82' lang='lat' dir='ltr'>cussus</span> <span class='ocrx_word' id='word_1_110' title='bbox 343 2598 404 2673; x_wconf 87' lang='lat' dir='ltr'>est.</span> <span class='ocrx_word' id='word_1_111' title='bbox 458 2600 683 2698; x_wconf 85' lang='lat' dir='ltr'>Quinetiam</span> <span class='ocrx_word' id='word_1_112' title='bbox 710 2620 791 2675; x_wconf 89' lang='lat' dir='ltr'>curn</span> <span class='ocrx_word' id='word_1_113' title='bbox 815 2600 961 2695; x_wconf 82' lang='lat' dir='ltr'>synodis</span> <span class='ocrx_word' id='word_1_114' title='bbox 990 2600 1265 2691; x_wconf 75' lang='lat' dir='ltr'>Alexandrinae,</span> 
     </span>
     <span class='ocr_line' id='line_1_19' title="bbox 197 2718 1265 2812; baseline -0.007 -12"><span class='ocrx_word' id='word_1_115' title='bbox 197 2724 395 2812; x_wconf 82' lang='lat' dir='ltr'>Romanae,</span> <span class='ocrx_word' id='word_1_116' title='bbox 429 2719 706 2794; x_wconf 83' lang='lat' dir='ltr'>&amp;oecumenicae</span> <span class='ocrx_word' id='word_1_117' title='bbox 727 2719 919 2798; x_wconf 86' lang='lat' dir='ltr'>Sardicensr</span> <span class='ocrx_word' id='word_1_118' title='bbox 938 2720 1149 2794; x_wconf 71' lang='lat' dir='ltr'>Athanasius</span> <span class='ocrx_word' id='word_1_119' title='bbox 1170 2718 1265 2793; x_wconf 89' lang='lat' dir='ltr'>suam</span> 
     </span>
     <span class='ocr_line' id='line_1_20' title="bbox 200 2837 1267 2931; baseline -0.003 -15"><span class='ocrx_word' id='word_1_120' title='bbox 200 2840 449 2916; x_wconf 85' lang='lat' dir='ltr'>innocentiam</span> <span class='ocrx_word' id='word_1_121' title='bbox 465 2837 705 2931; x_wconf 84' lang='lat' dir='ltr'>approbasset,</span> <span class='ocrx_word' id='word_1_122' title='bbox 732 2842 1007 2916; x_wconf 82' lang='lat' dir='ltr'>calumniatores</span> <span class='ocrx_word' id='word_1_123' title='bbox 1024 2861 1201 2915; x_wconf 89' lang='lat' dir='ltr'>veronon</span> <span class='ocrx_word' id='word_1_124' title='bbox 1213 2839 1267 2913; x_wconf 89' lang='lat' dir='ltr'>so-</span> 
     </span>
     <span class='ocr_line' id='line_1_21' title="bbox 201 2956 1266 3055; baseline 0.001 -21"><span class='ocrx_word' id='word_1_125' title='bbox 201 2962 278 3051; x_wconf 88' lang='lat' dir='ltr'>lum</span> <span class='ocrx_word' id='word_1_126' title='bbox 297 2973 356 3031; x_wconf 89' lang='lat' dir='ltr'>rot</span> <span class='ocrx_word' id='word_1_127' title='bbox 376 2956 560 3029; x_wconf 80' lang='lat' dir='ltr'>sententiis</span> <span class='ocrx_word' id='word_1_128' title='bbox 582 2961 742 3035; x_wconf 76' lang='lat' dir='ltr'>convicii</span> <span class='ocrx_word' id='word_1_129' title='bbox 758 2978 864 3055; x_wconf 86' lang='lat' dir='ltr'>atque</span> <span class='ocrx_word' id='word_1_130' title='bbox 880 2963 1055 3052; x_wconf 89' lang='lat' dir='ltr'>damnati,</span> <span class='ocrx_word' id='word_1_131' title='bbox 1082 2961 1266 3037; x_wconf 87' lang='lat' dir='ltr'>sedetiam</span> 
     </span>
     <span class='ocr_line' id='line_1_22' title="bbox 200 3074 1269 3179; baseline 0.002 -26"><span class='ocrx_word' id='word_1_132' title='bbox 200 3080 331 3153; x_wconf 87' lang='lat' dir='ltr'>libellis</span> <span class='ocrx_word' id='word_1_133' title='bbox 344 3077 475 3149; x_wconf 88' lang='lat' dir='ltr'>oblatis</span> <span class='ocrx_word' id='word_1_134' title='bbox 485 3074 600 3151; x_wconf 88' lang='lat' dir='ltr'>eidem</span> <span class='ocrx_word' id='word_1_135' title='bbox 613 3080 969 3175; x_wconf 84' lang='lat' dir='ltr'>Sardicensrsynodo,</span> <span class='ocrx_word' id='word_1_136' title='bbox 995 3081 1269 3179; x_wconf 89' lang='lat' dir='ltr'>JulioquePon·</span> 
     </span>
     <span class='ocr_line' id='line_1_23' title="bbox 202 3183 1269 3295; baseline 0 -23"><span class='ocrx_word' id='word_1_137' title='bbox 202 3196 356 3272; x_wconf 77' lang='lat' dir='ltr'>cilici-R.</span> <span class='ocrx_word' id='word_1_138' title='bbox 378 3197 533 3268; x_wconf 88' lang='lat' dir='ltr'>criminis</span> <span class='ocrx_word' id='word_1_139' title='bbox 552 3198 694 3290; x_wconf 79' lang='lat' dir='ltr'>admissi,</span> <span class='ocrx_word' id='word_1_140' title='bbox 719 3199 968 3295; x_wconf 87' lang='lat' dir='ltr'>haereseosque</span> <span class='ocrx_word' id='word_1_141' title='bbox 983 3183 1123 3278; x_wconf 87' lang='lat' dir='ltr'>veniam</span> <span class='ocrx_word' id='word_1_142' title='bbox 1143 3202 1269 3294; x_wconf 87' lang='lat' dir='ltr'>depre-</span> 
     </span>
     <span class='ocr_line' id='line_1_24' title="bbox 204 3314 1269 3422; baseline 0.004 -32"><span class='ocrx_word' id='word_1_143' title='bbox 204 3322 302 3422; x_wconf 75' lang='lat' dir='ltr'>cati,</span> <span class='ocrx_word' id='word_1_144' title='bbox 346 3314 511 3389; x_wconf 77' lang='lat' dir='ltr'>Ecclesiae</span> <span class='ocrx_word' id='word_1_145' title='bbox 524 3320 772 3419; x_wconf 85' lang='lat' dir='ltr'>communioni</span> <span class='ocrx_word' id='word_1_146' title='bbox 789 3318 933 3398; x_wconf 83' lang='lat' dir='ltr'>fuissent</span> <span class='ocrx_word' id='word_1_147' title='bbox 949 3322 1099 3408; x_wconf 77' lang='lat' dir='ltr'>redditi,</span> <span class='ocrx_word' id='word_1_148' title='bbox 1137 3320 1269 3394; x_wconf 88' lang='lat' dir='ltr'>iterum</span> 
     </span>
    </p>

    <p class='ocr_par' dir='ltr' id='par_1_6' title="bbox 123 3417 1275 4133">
     <span class='ocr_line' id='line_1_25' title="bbox 123 3417 1270 3542; baseline 0 -29"><span class='ocrx_word' id='word_1_149' title='bbox 123 3417 128 3436; x_wconf 77' lang='grc'><strong>’</strong></span> <span class='ocrx_word' id='word_1_150' title='bbox 204 3452 325 3514; x_wconf 81' lang='lat' dir='ltr'>tamen</span> <span class='ocrx_word' id='word_1_151' title='bbox 356 3457 462 3509; x_wconf 89' lang='lat' dir='ltr'>canes</span> <span class='ocrx_word' id='word_1_152' title='bbox 478 3436 521 3508; x_wconf 89' lang='lat' dir='ltr'>ad</span> <span class='ocrx_word' id='word_1_153' title='bbox 541 3437 718 3512; x_wconf 88' lang='lat' dir='ltr'>vomitum</span> <span class='ocrx_word' id='word_1_154' title='bbox 732 3443 890 3534; x_wconf 81' lang='lat' dir='ltr'>reversi,</span> <span class='ocrx_word' id='word_1_155' title='bbox 927 3434 1180 3542; x_wconf 70' lang='lat' dir='ltr'>sudasillas&amp;</span> <span class='ocrx_word' id='word_1_156' title='bbox 1200 3437 1270 3513; x_wconf 82' lang='lat' dir='ltr'>Ec·</span> 
     </span>
     <span class='ocr_line' id='line_1_26' title="bbox 206 3556 1271 3657; baseline 0.005 -26"><span class='ocrx_word' id='word_1_157' title='bbox 206 3556 344 3632; x_wconf 79' lang='lat' dir='ltr'>clessam</span> <span class='ocrx_word' id='word_1_158' title='bbox 362 3557 455 3649; x_wconf 89' lang='lat' dir='ltr'>Dei,</span> <span class='ocrx_word' id='word_1_159' title='bbox 492 3578 569 3649; x_wconf 84' lang='lat' dir='ltr'>quae</span> <span class='ocrx_word' id='word_1_160' title='bbox 589 3557 717 3629; x_wconf 89' lang='lat' dir='ltr'>domus</span> <span class='ocrx_word' id='word_1_161' title='bbox 733 3562 830 3651; x_wconf 88' lang='lat' dir='ltr'>pacis</span> <span class='ocrx_word' id='word_1_162' title='bbox 851 3560 923 3654; x_wconf 89' lang='lat' dir='ltr'>cst,</span> <span class='ocrx_word' id='word_1_163' title='bbox 960 3582 1081 3657; x_wconf 87' lang='lat' dir='ltr'>parum</span> <span class='ocrx_word' id='word_1_164' title='bbox 1099 3561 1271 3636; x_wconf 89' lang='lat' dir='ltr'>decentes</span> 
     </span>
     <span class='ocr_line' id='line_1_27' title="bbox 206 3672 1272 3778; baseline 0.007 -30"><span class='ocrx_word' id='word_1_165' title='bbox 206 3674 400 3749; x_wconf 85' lang='lat' dir='ltr'>discordias</span> <span class='ocrx_word' id='word_1_166' title='bbox 425 3672 689 3769; x_wconf 82' lang='lat' dir='ltr'>Episcoporum</span> <span class='ocrx_word' id='word_1_167' title='bbox 711 3676 980 3756; x_wconf 86' lang='lat' dir='ltr'>discursationes</span> <span class='ocrx_word' id='word_1_168' title='bbox 999 3679 1272 3778; x_wconf 89' lang='lat' dir='ltr'>Mediolanum,</span> 
     </span>
     <span class='ocr_line' id='line_1_28' title="bbox 206 3792 1274 3892; baseline 0.007 -23"><span class='ocrx_word' id='word_1_169' title='bbox 206 3792 397 3887; x_wconf 86' lang='lat' dir='ltr'>Sirmium,</span> <span class='ocrx_word' id='word_1_170' title='bbox 430 3795 627 3870; x_wconf 84' lang='lat' dir='ltr'>Seleuciam</span> <span class='ocrx_word' id='word_1_171' title='bbox 644 3793 821 3892; x_wconf 87' lang='lat' dir='ltr'>asperam,</span> <span class='ocrx_word' id='word_1_172' title='bbox 847 3797 1071 3892; x_wconf 87' lang='lat' dir='ltr'>Ariminum,</span> <span class='ocrx_word' id='word_1_173' title='bbox 1099 3799 1274 3878; x_wconf 86' lang='lat' dir='ltr'>Constan-</span> 
     </span>
     <span class='ocr_line' id='line_1_29' title="bbox 207 3912 1275 4019; baseline 0.006 -31"><span class='ocrx_word' id='word_1_174' title='bbox 207 3912 589 4007; x_wconf 77' lang='lat' dir='ltr'>cinopolimNicaeam</span> <span class='ocrx_word' id='word_1_175' title='bbox 599 3913 778 4010; x_wconf 79' lang='lat' dir='ltr'>Thracia,</span> <span class='ocrx_word' id='word_1_176' title='bbox 803 3915 1275 4019; x_wconf 77' lang='lat' dir='ltr'>(daquononterraruml)</span> 
     </span>
     <span class='ocr_line' id='line_1_30' title="bbox 207 4033 1274 4133; baseline 0.008 -28"><span class='ocrx_word' id='word_1_177' title='bbox 207 4047 383 4130; x_wconf 77' lang='lat' dir='ltr'>praterea</span> <span class='ocrx_word' id='word_1_178' title='bbox 397 4033 702 4129; x_wconf 86' lang='lat' dir='ltr'>proscriptiones,</span> <span class='ocrx_word' id='word_1_179' title='bbox 729 4038 852 4129; x_wconf 86' lang='lat' dir='ltr'>exilia,</span> <span class='ocrx_word' id='word_1_180' title='bbox 879 4038 1040 4116; x_wconf 83' lang='lat' dir='ltr'>drcoedes</span> <span class='ocrx_word' id='word_1_181' title='bbox 1055 4045 1274 4133; x_wconf 85' lang='lat' dir='ltr'>excitarunt,</span> 
     </span>
    </p>

    <p class='ocr_par' dir='ltr' id='par_1_7' title="bbox 92 4153 1276 4371">
     <span class='ocr_line' id='line_1_31' title="bbox 92 4153 1276 4259; baseline 0.009 -37"><span class='ocrx_word' id='word_1_182' title='bbox 92 4213 97 4222; x_wconf 91' lang='lat'><em>.</em></span> <span class='ocrx_word' id='word_1_183' title='bbox 209 4167 312 4246; x_wconf 72' lang='lat' dir='ltr'>qna,</span> <span class='ocrx_word' id='word_1_184' title='bbox 345 4153 511 4244; x_wconf 86' lang='lat' dir='ltr'>quamdiu</span> <span class='ocrx_word' id='word_1_185' title='bbox 525 4157 563 4229; x_wconf 94' lang='lat' dir='ltr'>in</span> <span class='ocrx_word' id='word_1_186' title='bbox 583 4158 680 4231; x_wconf 87' lang='lat' dir='ltr'>vivis</span> <span class='ocrx_word' id='word_1_187' title='bbox 697 4158 822 4233; x_wconf 82' lang='lat' dir='ltr'>extitit</span> <span class='ocrx_word' id='word_1_188' title='bbox 841 4155 1097 4259; x_wconf 83' lang='lat' dir='ltr'>constantius,</span> <span class='ocrx_word' id='word_1_189' title='bbox 1124 4162 1276 4236; x_wconf 87' lang='lat' dir='ltr'>catholi-</span> 
     </span>
     <span class='ocr_line' id='line_1_32' title="bbox 211 4267 914 4371; baseline 0.006 -23"><span class='ocrx_word' id='word_1_190' title='bbox 211 4291 277 4348; x_wconf 88' lang='lat' dir='ltr'>cos</span> <span class='ocrx_word' id='word_1_191' title='bbox 297 4267 500 4371; x_wconf 80' lang='lat' dir='ltr'>Episcopus</span> <span class='ocrx_word' id='word_1_192' title='bbox 517 4291 770 4358; x_wconf 83' lang='lat' dir='ltr'>exercuerunt.</span> <span class='ocrx_word' id='word_1_193' title='bbox 912 4347 914 4352; x_wconf 86' lang='lat'><em>.</em></span> 
     </span>
    </p>
   </div>
   <div class='ocr_carea' id='block_1_4' title="bbox 1143 4398 1227 4481">
    <p class='ocr_par' dir='ltr' id='par_1_8' title="bbox 1143 4398 1227 4481">
     <span class='ocr_line' id='line_1_33' title="bbox 1143 4398 1227 4481; baseline 0 0"><span class='ocrx_word' id='word_1_194' title='bbox 1143 4398 1227 4481; x_wconf 77' lang='lat' dir='ltr'>uu·</span> 
     </span>
    </p>
   </div>
   <div class='ocr_carea' id='block_1_5' title="bbox 0 0 1414 4959">
    <p class='ocr_par' dir='ltr' id='par_1_9' title="bbox 0 0 1414 4959">
     <span class='ocr_line' id='line_1_34' title="bbox 0 0 1414 4959; baseline 0 0"><span class='ocrx_word' id='word_1_195' title='bbox 0 0 1414 4959; x_wconf 95' lang='lat' dir='ltr'> </span> 
     </span>
    </p>
   </div>
  </div>
 </body>
</html>
