2742 4959
1020 846 1466 928 Lx'ntn
1561 845 1750 928 111.
2289 875 2440 952 417

308 1011 597 1097 necess'e
628 1011 776 1107 est,
836 1023 927 1086 ut
950 1012 1019 1088 ei
1040 1009 1133 1086 fit
1160 1011 1235 1086 in
1265 1023 1600 1107 tempore
1630 1031 1786 1086 non
1819 1009 2048 1090 flaiffe.
2144 1011 2248 1090 Et
2277 1014 2435 1094 haee

306 1119 601 1214 quidem
633 1113 1037 1189 communia
1064 1113 1141 1186 in
1172 1130 1414 1186 rerum
1443 1111 1905 1187 humanarum
1939 1113 2218 1212 origine
2242 1116 2432 1213 sunt,

308 1236 399 1293 ut
432 1215 673 1292 omnia
714 1213 993 1288 initium
1020 1209 1119 1287 sui
1140 1263 1161 1298 ‚
1225 1232 1390 1288 cum
1419 1228 1631 1286 antea
1659 1231 1814 1287 non
1846 1211 2174 1308 fuiss'ent,
2243 1220 2434 1292 acci-

302 1319 549 1415 piant:
609 1316 911 1410 primum
956 1311 1280 1406 quidem,
1342 1325 1430 1385 ut
1450 1311 1875 1407 docuimuS,
1940 1335 2068 1407 per
2089 1311 2432 1413 tempus,

306 1415 575 1492 deinde
608 1435 735 1509 per
759 1411 1053 1488 causam.
1152 1409 1253 1485 Et
1280 1431 1411 1505 per
1438 1424 1720 1506 tempus
1767 1414 2053 1504 quidem
2094 1436 2248 1488 non
2286 1439 2430 1493 am-

302 1519 603 1616 biguum
638 1511 783 1607 est,
835 1513 1006 1605 quin
1036 1532 1165 1605 ea,
1216 1531 1376 1603 quae
1405 1532 1602 1586 nunc
1629 1514 2021 1607 coeperint,
2075 1533 2245 1589 ante
2271 1527 2450 1598 non'

302 1618 619 1694 fuerint:
670 1634 799 1710 per
826 1609 1099 1688 causam
1135 1631 1349 1710 νει-ο,
1400 1612 1563 1704 quia
1599 1612 1708 1685 his
1743 1633 1898 1687 non
1918 1612 2228 1688 excausa
2250 1637 2429 1692 con·

300 1717 448 1793 stet
474 1713 656 1802 effe,
708 1713 905 1805 quod
936 1725 1290 1787 maneant.
1389 1710 1739 1786 Revolve
1773 1711 1962 1787 enim
1993 1734 2244 1789 omnes
2285 1718 2458 1789 ori-.

299 1821 553 1918 ginum
582 1810 847 1904 causas,
898 1811 1532 1908 &intelligentiam
1551 1812 1626 1886 in
1647 1813 2012 1886 anteriora
2037 1834 2456 1909 converte,

299 1915 643 1993 invenies
671 1912 847 1986 nihil
872 1909 1154 2008 coepiss'e
1177 1930 1308 2005 per
1330 1907 1636 2003 causam,
1687 1911 1856 1987 dum
1878 1914 2116 1987 omnia
2135 1935 2263 2002 per
2283 1918 2458 1994 vir-.

300 2031 542 2091 tutem
590 2011 735 2086 Dei
774 2010 860 2085 ad
900 2012 1017 2104 id,
1084 2015 1281 2105 quod
1319 2009 1516 2105 sunt,
1581 2027 1962 2105 creantur,
2022 2031 2178 2087 non
2213 2016 2454 2093 etiam.

299 2112 695 2190 nascuntur
724 2131 816 2185 ex
844 2111 1109 2204 aliquo.
1210 2108 1323 2184 Ex
1361 2131 1510 2204 quo
1535 2113 1748 2186 etiam
1781 2110 2166 2204 unicuique
2183 2115 2434 2209 generi

299 2221 440 2312 per
466 2209 965 2286 succeffionem
986 2209 1201 2304 ipsam
1224 2211 1551 2285 naturale
1575 2208 1706 2303 est,
1756 2226 1841 2283 ut
1880 2232 2035 2284 non
2060 2211 2310 2307 fuerit,
2359 2215 2434 2290 δε

300 2312 652 2404 coeperit,
704 2309 869 2383 dum
894 2309 963 2382 δι
1004 2308 1166 2404 post
1206 2323 1486 2402 tempus
1525 2312 1599 2384 in
1625 2327 1958 2404 tempore
1987 2314 2123 2385 est:
2175 2317 2433 2391 &cum

299 2413 584 2504 semper
611 2408 943 2484 universa
967 2405 1137 2502 ‘p‘ost
1164 2420 1446 2504 tempus
1479 2408 1652 2502 flnt,
1705 2407 1982 2488 causam
2007 2407 2106 2483 sui
2134 2421 2432 2505 quoque

299 2512 403 2587 de
433 2525 642 2584 antea
669 2529 822 2584 non
849 2509 1259 2583 extantibus
1286 2506 1612 2601 sumunt,
1647 2509 1828 2584 dum
1863 2530 1953 2583 ex
1985 2510 2095 2584 his
2136 2511 2433 2586 nascun-

304 2626 474 2698 tur,
525 2631 681 2704 quae
714 2621 926 2684 antea
954 2629 1107 2682 non
1146 2606 1458 2682 fuerint:
1527 2606 1680 2702 ipso
1709 2609 1838 2682 illo
1868 2611 2105 2702 primo
2140 2611 2434 2688 humani

302 2712 595 2810 generis
632 2723 934 2803 parente
962 2705 1193 2784 Adam
1219 2729 1309 2784 ex
1342 2721 1562 2799 terra,
1613 2730 1768 2801 quae
1805 2731 1894 2782 ex
1925 2711 2151 2783 nihilo
2176 2711 2306 2800 est,
2362 2714 2433 2786 dt

300 2809 478 2909 post
512 2826 837 2904 tempuS,
886 2807 959 2882 id
988 2807 1131 2898 est,
1184 2805 1347 2902 post
1382 2809 1660 2899 caelum,
1712 2821 2004 2898 terram,
2050 2810 2268 2900 diem,
2323 2809 2434 2884 fo·

306 2916 483 3000 lem,
534 2911 775 2982 lunam
807 2906 878 2979 &
906 2905 1086 2978 astra
1114 2905 1464 2998 formato,
1514 2908 1638 2996 qui
1664 2904 1734 2978 δι
1761 2907 2111 3002 originem
2135 2930 2290 2984 non
2311 2912 2436 2986 ha-

310 3008 555 3085 buerit
591 3005 964 3098 nascendi,
1014 3003 1084 3078 ἃ
1111 3006 1445 3100 coeperit,
1496 3025 1661 3078 cum
1699 3026 1854 3079 non
1884 3004 2144 3083 fuisset.

472 3127 585 3199 17.
636 3103 780 3180 Sed
818 3103 1193 3200 unigenito
1238 3101 1457 3197 De0,
1521 3104 1638 3177 cui
1681 3125 1835 3178 non
1868 3105 2117 3198 praeest
2147 3113 2432 3201 tempus

314 3208 673 3298 amerina,
734 3223 888 3278 non
919 3202 1392 3297 relinquitur,
1452 3217 1539 3276 ut
1575 3204 1956 3298 aliquando
1980 3226 2135 3279 non
2170 3206 2434 3302 fuerit,

310 3307 479 3400 quia
518 3303 740 3399 ipsum
785 3301 961 3376 illud
1002 3302 1345 3400 aliquanda
1372 3303 1518 3395 jnm
1545 3303 1744 3395 prius
1771 3303 1917 3397 est,
1984 3306 2242 3380 deinde
2278 3329 2438 3383 non

312 3403 518 3482 fuiss'e
539 3406 683 3497 iam
714 3401 1062 3498 temporis
1090 3401 1223 3477 est:
1274 3401 1343 3475 δε
1378 3404 1676 3496 incipiet
1699 3423 1852 3477 non
1880 3402 2044 3497 post
2069 3427 2234 3479 eum
2259 3423 2439 3484 tem·

310 3526 448 3604 pua
480 3503 659 3600 effe,
708 3501 828 3578 sed
856 3500 1003 3595 ipse
1038 3500 1179 3576 effe
1210 3501 1375 3597 post
1401 3516 1711 3595 tempus,
1764 3505 1883 3576 cui
1915 3505 1990 3578 in
2027 3525 2153 3598 e0,
2208 3507 2440 3602 quod,

313 3620 696 3699 antequam
722 3600 1082 3698 nascitur,
1142 3622 1295 3677 non
1324 3600 1501 3695 fuit,
1567 3603 1640 3676 id
1672 3601 1937 3697 ipsum,
1988 3604 2062 3676 in
2094 3625 2241 3695 quo
2279 3629 2440 3683 non

310 3705 485 3800 fuit,
536 3703 976 3800 praeferetur.
1076 3700 1391 3794 Deinde,
1444 3703 1564 3795 qui
1593 3723 1685 3775 ex
1715 3722 1839 3795 e0,
1893 3704 2012 3795 qui
2044 3703 2172 3796 est,
2224 3723 2438 3783 natus

314 3803 465 3896 est,
512 3805 811 3901 intelligi
844 3825 995 3878 non
1024 3801 1266 3898 potest
1288 3823 1383 3876 ex
1410 3822 1552 3894 eo,
1599 3801 1797 3894 quod
1825 3821 1981 3877 non
2011 3800 2173 3891 fuit,
2223 3820 2441 3880 natus

314 3901 499 3979 ess‘e:
550 3904 715 3996 quia
746 3903 815 3976 ei
847 3906 947 3987 is,
1000 3902 1120 3995 qui
1153 3899 1297 3984 est,
1346 3900 1437 3974 ad
1471 3900 1583 3993 id,
1638 3901 1838 3992 quod
1874 3901 2008 3995 est,
2059 3902 2264 3977 eausa
2293 3901 2438 3994 est3

310 4023 471 4081 non
489 4002 818 4095 etiamid,
871 4003 1068 4097 quod
1085 4021 1235 4076 non
1256 3999 1382 4086 est,
1431 4001 1645 4097 origo
1666 3997 1998 4076 nascendi
2017 4001 2139 4077 est.
2237 4002 2440 4099 Ergo

316 4104 437 4178 cui
486 4123 722 4195 neque
758 4103 833 4175 in
862 4116 1198 4196 tempore
1232 4099 1376 4195 est,
1441 4114 1528 4173 ut
1554 4100 1938 4192 aliquando
1973 4123 2127 4176 non
2177 4102 2442 4192 fuer1t3

311 4222 557 4293 neque
590 4205 665 4275 in
693 4219 944 4296 patre,
1019 4202 1093 4275 id
1130 4200 1277 4294 est,
1350 4197 1646 4275 auetore
1670 4199 1815 4293 est,
1883 4215 1969 4275 ut
2003 4200 2313 4275 subsistat
2348 4221 2445 4278 ex

313 4306 565 4380 nullis:
616 4321 769 4376 non
808 4303 1095 4395 reliquit
1124 4301 1198 4376 id
1223 4300 1317 4374 de
1347 4300 1418 4374 se
1449 4299 1888 4392 occafionia,
1941 4315 2027 4374 ut
2057 4317 2182 4374 aut
2218 4321 2308 4373 ex
2337 4304 2445 4376 ni·

310 4403 474 4485 hilo
505 4413 715 4479 natus
740 4399 865 4488 fit,
922 4415 1049 4478 aut
1076 4419 1233 4482 non
1268 4398 1532 4499 fuerit,
1601 4415 1985 4498 antequam
2009 4397 2446 4482 nasceretur.

362 4555 369 4564 ⁸
420 4605 501 4678 S.
532 4601 792 4677 Hilarii
816 4594 994 4679 Tam.
1022 4601 1077 4676 1.
1471 4595 1549 4674 D
1577 4593 1627 4676 d
2037 4595 2380 4680 *taxea
