2742 4959
337 724 407 784 ne
443 699 720 796 Sruonrs,
747 694 940 785 'Lm-it.
1100 659 1184 811 447'

157 905 161 910 ·
186 894 226 974 7.
250 867 447 986 obsequor
466 863 576 962 igitur
592 857 761 937 Caritatis
779 843 907 938 v'estrae
924 864 1180 972 'impatientius

142 1000 179 1057 ι·
196 975 400 1050 voluntsu:
425 965 461 1040 δι
482 984 610 1040 omnes
624 958 734 1059 fides,
759 983 838 1056 quae
852 963 935 1058 post
953 963 1102 1049 sensiam
1122 974 1177 1072 sy.

142 1080 250 1158 udum
268 1071 457 1146 Nicaentm
479 1061 628 1140 diversis
654 1062 880 1158 temporibus
904 1064 939 1139 dr
961 1069 1055 1144 locis
1073 1074 1179 1153 editae

142 1192 207 1272 nt,
234 1166 583 1248 cumsententiarum
597 1164 773 1257 omnium,
798 1177 909 1258 etque
922 1168 1180 1252 etiamverbo·

142 1303 192 1358 tm
209 1273 336 1351 additis
353 1287 420 1366 per
434 1287 493 1343 me
511 1262 798 1357 expolitionibus
813 1263 998 1342 destinavi.
1046 1271 1089 1347 vIn
1103 1279 1180 1370 qui·
1248 1344 1252 1355 ,

142 1400 205 1472 us,
229 1376 255 1450 fi
274 1371 361 1468 ¹'quid
376 1363 508 1442 vitiose
524 1361 634 1437 inesse
647 1363 876 1460 intelligitur,
903 1387 1013 1444 nemo
1026 1373 1110 1448 mihi
1124 1378 1181 1453 vi.

142 1501 205 1555 um
229 1469 351 1572 potest
377 1466 543 1563 assignate
561 1460 757 1540 disiorum:
794 1463 1036 1543 internuntius
1058 1476 1182 1573 eninr,

142 1571 353 1661 ;voluistis‚
379 1562 564 1659 sumpse,
597 1582 675 1636 non
692 1563 875 1640 conditor.
926 1566 961 1639 si
982 1572 1182 1661 quid-vero

142 1679 276 1768 isium,
314 1684 423 1761 atque
444 1685 492 1741 ex
517 1660 689 1738 doctrinis
706 1661 913 1758 apostolicis
936 1668 1183 1769 prescriptum

142 1770 420 1872 aprehenditur,
458 1783 567 1840 nemo
591 1764 740 1860 ambigit
758 1781 835 1840 nou
853 1764 1124 1864 interpretantis
1143 1780 1183 1854 in

142 1873 252 1952 eelie
267 1869 431 1968 gloriam,
457 1860 693 1939 sedrusioris.
746 1860 826 1960 Ego
836 1880 969 1960 temen,
997 1875 1186 1971 suegestn

142 1990 211 2067 mr,
236 1967 393 2045 fideliter
411 1962 585 2039 transmisi
602 1962 753 2037 advos:
776 1984 821 2037 tn
838 1966 1033 2063 catholica,
1059 1994 1104 2046 cn
1116 1975 1186 2050 boe·

142 2076 228 2155 stica
242 2073 332 2161 sint,
357 2062 443 2141 fidei
459 2062 586 2138 vestrae
599 2062 738 2155 judicio
755 2068 1007 2156 comprobate.
1168 2135 1170 2148 .

194 2183 227 2254 8.
255 2173 481 2269 Quamquam
500 2163 596 2236 enim
608 2160 818 2254 responderi
835 2166 964 2239 litteris
978 2167 1103 2244 vestris
1123 2194 1188 2247 nen

142 2272 300 2350 essarium
319 2267 443 2358 fuerit,
469 2263 598 2356 quibus
617 2265 911 2339 communionem
930 2268 1016 2342 mihi
1033 2270 1187 2347 domini·

142 2397 195 2450 am
220 2369 303 2444 fidei
325 2364 451 2440 vestrae
474 2363 613 2456 scriptis
631 2359 825 2452 miseratis3
865 2363 1061 2459 &quidam
1078 2375 1189 2453 etiam

142 2472 290 2551 xsobis
308 2468 352 2541 sd
370 2463 570 2559 synodum,
600 2483 678 2558 quae
699 2462 737 2535 in
756 2460 925 2564 Bithynia
945 2468 1067 2544 future
1082 2474 1187 2554 vide·

142 2589 223 2650 atur
239 2568 363 2658 acciti,
389 2561 575 2640 firmissime
589 2558 674 2636 fidei
693 2562 893 2638 constantis
912 2567 1005 2642 intre
1027 2592 1190 2650 commu·

142 2680 263 2750 ionem
279 2669 314 2742 se
331 2686 447 2742 meam
468 2664 716 2753 continentes,
743 2665 918 2739 acaeteris
939 2684 1040 2743 extra
1051 2671 1192 2752 Gallias

142 2775 352 2850 bstinerent:
379 2764 413 2836 dc
430 2763 576 2859 dignum
590 2760 672 2834 sane
689 2775 767 2833 erat
780 2762 973 2862 episcopan
989 2771 1188 2850 ministerio

142 2890 294 2959 cvoce,
321 2869 359 2938 in
373 2860 750 2935 tanto'baereticorum
766 2862 905 2958 surore,
932 2870 1189 2962 sliqusvobiss

142 2968 417 3065 umperlitteras
431 2956 589 3057 piaefidei
600 2959 745 3034 confilin
756 2961 937 3044 conferre.
987 2969 1188 3056 Nonenim

142 3094 199 3148 um
214 3064 431 3164 corporibus
449 3058 579 3135 nostris
594 3060 764 3153 exulans,
792 3062 973 3163 vinetum,
1000 3091 1043 3144 ac
1060 3073 1188 3149 deten-

142 3195 193 3250 sm
218 3166 289 3244 esse
314 3162 439 3261 potuit
466 3161 538 3235 Dei
557 3160 732 3253 verbum,
771 3175 812 3233 ut
830 3183 908 3238 non
929 3176 1191 3255 communicari

142 3272 311 3351 obiscum
327 3261 445 3360 pollet
457 3262 686 3353 ubicumque.
738 3259 809 3335 Sed
823 3265 978 3341 maxime
990 3291 1070 3347 cum
1089 3295 1191 3354 com.

142 3370 284 3453 eriffem
298 3363 459 3459 synodos
477 3364 514 3437 in
534 3359 704 3456 Ancyra,
732 3375 841 3455 atque
856 3362 1021 3443 Arminio
1037 3393 1192 3473 congre.

142 3473 269 3563 endas,
297 3469 367 3542 &a
385 3463 527 3561 singulis
547 3461 749 3555 provinciis
767 3460 960 3542 Galllcrnis
975 3471 1098 3566 binos,
1126 3481 1190 3556 vel
1218 3476 1227 3502 ⁰

142 3575 278 3674 ngulos
295 3589 341 3642 eo
358 3564 429 3640 esse
444 3579 646 3651 venturos3
673 3583 733 3650 ea,
760 3582 838 3654 quae
852 3566 1050 3666 internos,
1077 3588 1188 3669 atque

142 3672 329 3748 trientales
343 3665 534 3838 episcogos
549 3662 682 3779 mutuis
696 3658 956 3778 suspicionibus
965 3669 1189 3773 detinentur,

142 3797 184 3855 er
204 3791 286 3864 me,
323 3768 437 3861 quiin
489 3766 614 3838 rientrs
629 3765 790 3854 partibus
810 3768 1046 3867 continebar,
1073 3785 1192 3869 expo-'

142 3873 238 3954 enda
255 3870 385 3962 vobis,
409 3868 496 3939 licet
510 3864 583 3957 J'am
601 3859 807 3955 scientibus,
833 3878 943 3959 atque
963 3870 1102 3947 edenda
1115 3880 1191 3952 eri.

145 3972 275 4053 imavi:
315 3982 376 4063 ut,
407 3987 489 4040 cum
507 3967 601 4039 banc
618 3967 916 4057 prorumpentem
934 3968 1100 4046 uSirmio
1120 3977 1191 4051 hae-

142 4077 223 4154 esim
239 4069 275 4144 δι
291 4091 361 4147 vos
385 4060 703 4156 condemnassetis,
738 4062 773 4137 dc
792 4063 840 4138 illi
862 4088 944 4144 cum
961 4074 1190 4155 anathemate
1292 4090 1294 4094 ’

142 4169 351 4265 rdicaslent,
377 4165 512 4243 sciretis
526 4181 668 4258 tamen,
694 4163 732 4236 in
752 4165 853 4257 cuius
870 4164 954 4243 fidei
969 4173 1191 4265 professione

142 4281 158 4354 l
174 4273 305 4369 ipsum,
333 4269 432 4363 quod
448 4285 519 4339 vos
537 4262 732 4365 gesseratis,
756 4265 863 4343 etiam
879 4270 924 4344 ab
943 4268 1190 4354 Orientalibus

142 4373 301 4475 piscopis
319 4364 603 4460 esseteffesium
629 4363 764 4462 divos,
790 4372 1191 4547 quosmw'mfevellem

750 4496 758 4506 ’
1018 4476 1143 4556 ‚uturis
