2742 4959
162 669 280 766 cxxvi
494 647 891 728 S..Hrunnrr

164 837 309 900 morum
334 810 620 908 expolitionibus
641 815 774 889 nullam
795 812 984 890 afferenda
997 811 1126 889 Christi
1141 813 1232 888 divis

90 988 94 996 ·
165 938 290 1018 mitatie
305 935 397 1010 elabi
411 933 493 1008 linit
509 934 749 1042 occasionem.
770 936 780 976 '·
801 936 855 1012 At
869 938 906 1009 in
920 937 995 1010 hoc
1009 947 1231 1011 commenta·

165 1064 251 1155 rio,
284 1069 327 1130 ut
348 1054 415 1129 alia
436 1052 641 1147 mittamus,
672 1075 751 1147 cap.
775 1076 806 1129 a.
831 1060 864 1148 §.
890 1062 923 1131 6.
943 1055 1055 1130 Patris
1073 1056 1117 1129 de
1135 1054 1231 1128 Filio

164 1180 232 1258 suo
247 1173 503 1266 testimouium,
527 1171 640 1249 immo
655 1155 858 1269 nraeclaram
870 1175 964 1249 Petri
974 1174 1232 1250 confelironem

166 1319 247 1393 cap.
272 1296 381 1386 rm
404 1294 441 1368 6.
461 1294 628 1389 attingit,
655 1296 749 1387 quast
772 1293 931 1369 Arianos
946 1318 1021 1368 non
1040 1295 1232 1391 cognovis-

165 1419 231 1498 set.
280 1411 414 1488 Saltem
431 1412 476 1486 de
490 1433 617 1488 eorum
639 1418 785 1512 argutiis
802 1415 961 1489 nondum
975 1418 1092 1509 probe
1104 1414 1232 1488 instru-

165 1539 262 1618 &um
287 1553 369 1610 eum
400 1527 503 1605 fuisse
526 1534 712 1609 manifeste
744 1550 892 1632 apparet
916 1557 961 1609 ex
988 1557 1066 1630 cap.
1106 1556 1161 1629 31.
1195 1543 1232 1631 §.

166 1679 203 1754 ³·
229 1655 293 1734 ubi
315 1652 496 1726 catholice
519 1654 660 1746 quidem
683 1671 853 1747 quantum
876 1654 1096 1746 adsensum,
1122 1677 1232 1746 quan·

165 1788 382 1854 tumentem
401 1772 446 1846 ad
468 1775 583 1849 ‘verba
598 1776 714 1852 minue
728 1773 980 1870 circumspecte
1004 1774 1145 1869 scribit,
1172 1777 1232 1850 Fi.

165 1899 254 1980 lirim
269 1890 431 1992 „natum
450 1892 520 1969 elie
536 1917 583 1969 ex
601 1918 662 1988 eo,
690 1901 749 1991 qui
769 1911 861 1990 erat,
887 1899 922 1969 &
940 1896 1014 1970 hoc
1032 1896 1131 1969 ineo
1147 1896 1232 1987 ello,

166 2020 230 2115 qui
244 2030 349 2094 natus
371 2013 446 2110 cst,
473 2016 571 2107 quod
585 2019 614 2091 is
634 2016 730 2111 ipse,
756 2039 867 2112 penes
883 2037 988 2109 quern
1008 2029 1105 2111 erat,
1132 2030 1232 2091 ante·

84 2143 102 2192 '·
167 2158 271 2233 quam
288 2134 515 2224 nasceretur3
541 2137 691 2210 eandem
711 2134 846 2211 scilicet
860 2139 1095 2211 eternitatem
1113 2135 1232 2213 elle&

164 2256 342 2358 gignentia
368 2253 402 2328 ἀ
428 2255 551 2350 geniti.
562 2255 590 2295 “
640 2255 728 2328 Hoc
753 2275 853 2330 certe
882 2255 1099 2332 inficiabitur
1119 2279 1232 2333 nemo

163 2378 334 2471 scriptum
350 2372 420 2447 elle
440 2385 523 2446 ante
537 2373 651 2445 libroe
671 2371 717 2456 de
733 2371 771 2446 T
771 2377 927 2454 rinitate2
951 2378 1144 2469 inquibus,
1170 2376 1232 2455 sed

164 2499 317 2576 maxime
331 2496 368 2567 in
386 2491 620 2583 duodecimo,
646 2513 777 2588 magno
792 2493 909 2569 studio
927 2497 1232 2594 multisqueargn-

164 2617 296 2697 mentis
321 2613 540 2707 disputatur,
573 2612 660 2685 illud
689 2625 810 2706 „ante
840 2636 944 2708 quam
967 2614 1232 2710 nasceretur‚“

162 2744 203 2820 in
218 2754 351 2814 aeterna
363 2735 444 2812 Filii
462 2732 698 2832 generatione
715 2735 850 2808 nullum
869 2737 1019 2810 omnino
1036 2738 1158 2811 locum
1169 2739 1231 2812 ha·

163 2863 263 2937 bere.
312 2861 464 2956 Quanto
490 2854 602 2951 magis
625 2853 899 2930 concedendum
923 2856 974 2931 est
996 2856 1165 2931 trailatus
1191 2860 1229 2931 in

162 2980 343 3070 Psalmoa,
379 2976 418 3048 in
441 2973 569 3067 quibua
593 2974 675 3047 libri
698 2975 744 3047 de
759 2970 941 3049 Trinitate
958 2974 1228 3072 memorantur,

161 3100 238 3177 hoc
263 3095 396 3171 eodem
418 3094 681 3168 commentario
704 3091 773 3165 elle
794 3095 1040 3185 posteriores?
1073 3098 1228 3193 Ignotos

162 3234 286 3308 tamen
308 3217 342 3292 ei
361 3229 437 3290 tum
457 3233 535 3286 non
555 3208 658 3285 soille
672 3210 860 3305 predictos
877 3215 1088 3308 haereticos,
1116 3220 1230 3306 liquet

162 3363 242 3421 non
258 3349 399 3415 tantum
415 3355 460 3408 ex
479 3330 667 3427 postremis
685 3333 877 3427 capitibus,
905 3333 962 3405 sed
977 3338 1081 3407 etiarn
1091 3357 1136 3406 ex
1149 3355 1226 3425 cap.

166 3468 274 3557 15.§.
291 3479 349 3537 12.
409 3453 501 3529 Cum
521 3464 642 3528 autem
662 3451 881 3527 Arianorum
895 3453 1032 3526 haerelrs
1048 3455 1083 3527 in
1102 3454 1227 3527 Gallo·

160 3606 242 3662 rum
262 3579 432 3659 notitiam
448 3574 583 3650 tardius
604 3574 836 3669 pervenerit,
871 3575 962 3647 adeo
989 3588 1029 3645 ut
1045 3574 1223 3669 Hilarius,

162 3699 463 3803 quemadmodum
485 3696 559 3792 ipse
588 3694 737 3773 testatur
760 3695 822 3770 lib.
848 3696 893 3769 de
921 3695 1077 3787 Synodis
1105 3701 1137 3788 §.
1154 3697 1224 3788 ¹91.

161 3823 309 3924 „fidem
320 3823 506 3898 Nicenam
518 3814 1025 3909 nunquamnifiexulaturua“
1044 3815 1224 3904 audiillet3

159 3948 247 4028 hinc
261 3943 383 4040 colligi
401 3939 558 4035 quodam
571 3935 685 4014 modo
701 3934 835 4030 potest,
860 3958 937 4011 non
950 3938 1058 4035 longe
1069 3953 1152 4011 ante
1166 3960 1226 4010 ex·

145 4057 741 4160 'iliumiplruafuillecompolrtum
792 4057 829 4129 si
840 4072 958 4135 autem
970 4056 1103 4152 scripsit
1116 4059 1222 4131 etiam

162 4204 263 4283 ante,
289 4205 394 4283 quam
408 4180 517 4258 fidem
531 4178 717 4254 Nieaenam
730 4176 883 4270 audiret,
911 4199 990 4253 cum
1005 4181 1041 4251 in
1053 4199 1098 4249 eo
1111 4198 1225 4271 opere

154 4307 290 4398 ,ulium
308 4310 410 4386 uniat
422 4300 602 4405 laniantia
617 4319 700 4377 curu
714 4296 821 4375 Patre
836 4319 913 4375 non
929 4299 1035 4374 semel
1054 4294 1223 4388 affirmem

1103 4437 1172 4494 nec
