2742 4959
178 669 252 730 erar
518 646 556 729 8.
605 648 911 729 Ηιιηιι

181 809 322 909 species
342 809 416 890 fine
436 807 713 922 damno‘aliquo
728 807 960 913 praefigurata
979 809 1254 892 efficiendae:-

182 933 375 1033 pleatur.“

285 1052 403 1145 Hujus
411 1050 963 1154 autemspiritaliaintelligentiae,
975 1073 1095 1131 rerum
1103 1054 1255 1137 eircum-

128 1205 161 1262 ι,
184 1171 352 1252 stantium
377 1173 520 1248 ratione
539 1177 681 1268 habita,
707 1174 948 1253 neccffitatem
967 1175 1020 1254 ita
1035 1176 1254 1269 quandoque

186 1294 379 1388 exprimit,
403 1307 447 1365 ut
459 1293 522 1370 nili
539 1295 628 1390 saepe
647 1295 769 1391 sapius
788 1294 987 1374 obtestatur
1000 1293 1115 1390 effet,
1140 1296 1255 1373 illiba·

186 1426 265 1488 tum
287 1410 323 1486 se
343 1415 440 1489 velle
454 1417 584 1491 littera
601 1415 758 1502 sensum,
790 1417 887 1492 hune
901 1415 1047 1513 prorsua
1064 1416 1254 1512 repudiare

186 1534 388 1609 videretur.
450 1533 646 1632 Crederes,
684 1539 788 1613 verbi
809 1539 945 1636 pratia,
983 1557 1062 1631 cap.
1087 1559 1143 1614 ιο.
1163 1542 1197 1630 §.
1219 1559 1254 1630 7.

159 1643 162 1648 ’
188 1674 271 1729 eum
291 1675 444 1752 negare,
478 1658 602 1732 verbis
628 1658 762 1753 „Veni
780 1660 874 1733 enim
890 1655 1053 1751 separare
1066 1654 1179 1732 filium
1197 1658 1258 1731 ad·

187 1774 314 1851 versut
342 1791 480 1869 patrem
488 1776 611 1855 “dcc,
639 1777 748 1853 ullam
777 1799 797 1852 a
820 1780 1032 1874 propinquis
1055 1778 1257 1854 carnalibus

187 1894 334 1994 praecipi
357 1894 638 1991 separationem,
669 1897 734 1975 nisa
754 1919 833 1975 eam
850 1900 923 1993 iam
944 1914 1049 1974 antea
1068 1919 1148 1992 cap.
1166 1920 1202 1989 4
1219 1902 1255 1991 ς.

193 2035 252 2114 19.
267 2017 331 2090 ubi
341 2017 402 2113 ipsa
423 2013 589 2092 scandalo
606 2015 701 2113 sunt,
727 2022 879 2096 omnino
890 2017 1258 2098 neceistriameorun·

189 2136 272 2212 dem
281 2140 480 2220 verborum
492 2139 714 2216 authoritate
722 2139 910 2220 dominer.
954 2138 1258 2239 Quibutlibetigi·

189 2267 252 2330 tur
278 2259 401 2330 verbis
422 2259 583 2336 declaret
598 2259 730 2352 aliquid
751 2262 788 2334 in
801 2260 993 2355 scripturis
1011 2259 1126 2351 aliud,
1152 2278 1260 2350 quam

190 2377 292 2474 quod
308 2378 432 2468 sonat,
458 2368 728 2478 intelligendum
741 2376 827 2472 elle,
852 2379 927 2454 hoc
945 2379 995 2452 ita
1011 2375 1258 2473 accipiendum

189 2497 267 2593 est,
295 2514 393 2593 ‚,ut,
422 2498 721 2592 quemadmodum
741 2513 868 2575 monet
882 2520 961 2592 cap.
985 2521 1019 2576 a.
1035 2503 1069 2593 §.
1086 2521 1119 2575 a.
1137 2498 1261 2572 memi-

188 2622 349 2698 nerimus
366 2622 557 2694 veritatem
574 2639 652 2694 non
665 2620 804 2696 idcirco
821 2622 1028 2724 corrumpi,
1049 2617 1074 2695 sa
1093 2619 1259 2715 gerendis

192 2746 302 2819 rebus
313 2742 495 2818 interioris
505 2740 750 2838 intelligentie
760 2742 854 2817 ratio
865 2739 1018 2837 sumena
1029 2740 1120 2820 fit.“
1146 2735 1261 2839 Quod

125 2897 128 2902 ·
190 2866 299 2940 etiarn
318 2867 354 2938 in
374 2861 426 2938 Ps.
446 2885 527 2953 123.
541 2863 577 2958 §.
598 2885 632 2955 ς.
651 2862 797 2940 tradidit
815 2862 869 2940 hia
887 2863 964 2940 aliie
993 2861 1133 2939 verbis:
1166 2856 1281 2954 ,‚Fi·.

190 2983 256 3058 det
272 2980 427 3055 historiae
445 2999 523 3052 non
543 2982 789 3077 periclitatur,
825 2983 850 3058 d
869 2986 977 3060 rebus
1000 2981 1136 3061 effectis
1151 2975 1260 3056 ineffa

191 3099 448 3175 &connexam
472 3097 535 3172 srbi
558 3077 778 3173 extrinsecus
802 3099 1068 3199 fignificantiam
1088 3101 1262 3177 existime-

190 3241 283 3300 mus.
296 3221 323 3264 “
386 3218 484 3293 Dum
502 3215 763 3291 autemsedulo
782 3222 930 3317 querit,
967 3222 1067 3315 quod
1081 3220 1141 3294 sub
1160 3217 1262 3294 didila

151 3381 157 3392 ·
192 3341 348 3443 gestisne
363 3336 581 3436 evangelicis
594 3335 699 3432 latet,
723 3336 812 3448 nillil
824 3339 856 3413 ei
866 3342 1029 3416 occurrit
1041 3338 1263 3431 familiarius,

192 3483 298 3557 quam
319 3461 426 3557 Legis
445 3459 479 3534 dt
496 3455 700 3556 Evangelii,
726 3455 893 3534 Ecelesae
913 3459 1177 3557 &synagogae
1202 3457 1264 3555 Ju-

193 3583 368 3692 daeopum,
394 3578 618 3655 &Gentium
632 3577 695 3653 seu
711 3573 993 3658 Christianorum
1006 3579 1132 3675 status,
1155 3598 1264 3673 quent

192 3701 356 3779 ris-ditiis
381 3723 424 3775 ac
440 3701 546 3800 gestie
566 3699 835 3797 praeformatum
850 3700 922 3778 effe
947 3715 1103 3782 enarrat.
1153 3696 1194 3776 In
1207 3697 1265 3773 hia

127 3885 131 3890 .
193 3821 249 3902 sat
269 3823 420 3899 celebris
437 3820 490 3897 est
503 3819 710 3917 ludaeorum
730 3816 923 3915 distlnffio,
947 3838 1077 3897 eorum
1093 3818 1268 3895 videlicet

193 3961 394 4042 paucorum
411 3960 585 4030 numero,
610 3942 672 4034 qui
691 3935 894 4038 Evangelio
909 3956 1125 4039 paruerunt,
1149 3939 1266 4015 taen·

193 4063 404 4159 rum-longe
419 4062 678 4159 plurimorum,
704 4059 766 4155 qui
784 4058 999 4144 restiterunt.

296 4182 357 4260 An
380 4200 475 4258 vero
492 4180 536 4256 ad
553 4179 730 4276 populum
746 4177 812 4256 ista
826 4186 1039 4280 peroravit,
1073 4182 1267 4257 incertum.

194 4302 315 4428 hmo
331 4323 416 4384 cum
430 4321 511 4404 cap.
532 4306 637 4403 194
655 4320 713 4381 rr.
729 4299 808 4377 la’lad
825 4302 973 4383 nemim
989 4303 1063 4384 hoc
1081 4295 1265 4397 opuaipsa

122 4439 134 4452 '
1072 4436 1211 4503 nuncu·
