2742 4959
469 595 853 712 ΙᾼΗΗΧ.1
1101 641 1172 718 307

100 787 220 872 statim
239 777 447 877 mysterium
469 778 653 876 pandens,
677 799 866 875 peronam
890 781 1116 875 numquam
1134 786 1173 862 in

102 892 183 964 vite
201 883 315 960 modo
335 880 489 975 palmitis
503 877 711 963 inessemus,
745 879 899 956 studium
915 883 1022 956 nobis
1038 896 1079 955 ut
1095 889 1172 977 pal·

101 989 273 1079 mitibus,
305 981 368 1056 nist
383 981 443 1054 ille
459 982 547 1056 uitia
565 979 652 1056 esset
668 979 839 1065 effedua,
871 982 997 1057 utilem
1013 1002 1091 1056 non
1111 985 1172 1058 da·

102 1089 208 1163 turis.
257 1081 386 1175 Atque·
400 1081 539 1158 idcirco
557 1102 701 1158 manere
724 1093 793 1156 noa
810 1083 845 1156 in
864 1079 899 1156 se
917 1079 1105 1175 perfidem
1122 1083 1171 1186 as·

102 1188 207 1264 sumti
227 1182 393 1278 corporis
409 1195 566 1275 monet,
591 1195 633 1256 ut
653 1182 915 1273 quiaverbum
928 1201 1015 1257 caro
1036 1182 1170 1263 factum
1264 1233 1266 1238 ·

102 1288 177 1382 cst,
201 1301 336 1360 natura
352 1281 469 1356 carnia
491 1279 560 1355 sure
578 1294 757 1375 tamquam
774 1283 841 1356 viti
859 1285 1021 1376 palmites
1042 1282 1169 1359 inelle-

103 1409 197 1464 mus:
223 1382 561 1474 acorporeaelrujns
572 1382 781 1457 humilitatis
791 1381 1003 1458 assumtione
1016 1382 1171 1466 sormam

101 1502 259 1584 paterne
280 1477 470 1574 majestatis
489 1483 646 1558 alienant
661 1496 758 1576 turn,
781 1503 867 1566 ¹cum
882 1482 918 1557 se
936 1483 979 1556 ad
993 1486 1171 1564 unitatem

101 1589 287 1683 palmitum
304 1580 418 1656 vitem
440 1579 636 1677 proseliue,
670 1584 865 1680 agricolam
883 1582 1026 1658 Patrem
1049 1588 1171 1660 cutio·

98 1689 174 1766 sum
196 1684 301 1775 huius
317 1682 403 1754 vitis
424 1680 602 1778 ostendit,
635 1683 737 1776 cujua
758 1685 926 1776 inutiles,
950 1700 1058 1775 atque
1078 1685 1169 1774 inse,-

98 1806 201 1858 races
224 1781 388 1875 palmites
411 1779 579 1878 desecans
606 1783 800 1876 deputaret
825 1783 980 1860 arsuros.
1030 1782 1169 1860 Dicent
1274 1853 1280 1862 .

101 1889 241 1976 itaque:
268 1886 400 1976 Quinte
416 1885 516 1967 vidit,
541 1881 629 1956 oilie
646 1884 686 1962 0·
706 1887 853 1973 Patrem
880 1882 927 1976 ἀ,
960 1887 1075 1970 Verba,
1100 1911 1170 1983 qua

102 1987 293 2080 egoquttom
318 2007 388 2058 nnn
401 2008 423 2053 a
441 1983 632 2082 medoqim,
653 1982 707 2071 sed
729 1987 835 2071 Pater,
860 1988 917 2082 qui
934 1988 971 2054 in
991 2003 1169 2070 memmei,
1232 2035 1234 2040 -

101 2088 166 2181 ipse
175 2083 261 2177 facit
274 2102 364 2179 opera
373 2082 454 2180 [κη
480 2082 534 2177 δι,
560 2082 689 2156 Credite
702 2085 799 2176 mihi,
825 2087 972 2180 qnoniam
985 2106 1035 2180 ego
1052 2090 1089 2156 in
1108 2089 1170 2164 Pa.-

102 2186 236 2272 τωο
254 2187 477 2267 Pacarium,
502 2197 545 2256 ut
560 2181 594 2259 dr
610 2182 869 2260 sacramentum
884 2185 1105 2280 nativitatis,
1132 2188 1169 2262 dc

101 2283 308 2378 mysterium
334 2273 471 2360 assumti
496 2284 665 2378 corporis
685 2281 946 2377 manifestaret,
971 2288 1170 2381 perconti·

101 2386 260 2459 nentiam
275 2382 451 2458 didlorum
469 2382 515 2458 ad
529 2383 567 2458 id
583 2384 733 2458 veniens
748 2385 817 2459 ait:
841 2389 933 2479 Quia
952 2389 1048 2460 Pater
1067 2394 1169 2478 major

103 2511 150 2557 me
164 2488 214 2580 eli.
265 2481 314 2558 Et
329 2473 532 2577 confestim,
558 2495 601 2558 ut
616 2481 778 2558 absoluta
795 2485 878 2559 diui
891 2487 985 2559 ratio
1002 2486 1169 2584 subesset,

103 2586 138 2660 dt
154 2585 342 2682 agricolae,
375 2583 532 2674 divitis,
559 2583 594 2656 dr
610 2584 764 2677 palmitis
779 2580 928 2669 subiecit
940 2589 1167 2684 exemplum,

101 2684 349 2758 assumtionem
375 2702 440 2774 per
465 2681 503 2754 id
525 2700 714 2772 corporeae
736 2682 944 2756 humilitatia
961 2683 1167 2769 ostendens.

103 2781 154 2855 Et
171 2782 256 2857 hinc
274 2777 412 2856 causam
427 2779 536 2854 eundi
552 2780 595 2852 ad
616 2779 780 2872 Patrem,
813 2780 847 2854 u
868 2780 1067 2858 dilectionis
1081 2788 1170 2862 laeti·

101 2885 209 2974 tiam,
249 2880 394 2953 eumad
420 2876 561 2953 Patrem
587 2880 677 2971 iret,
716 2878 853 2955 docent
875 2879 944 2955 else
965 2899 1168 2983 oportere,

103 2984 185 3075 quia
206 2980 321 3071 maior
335 2976 371 3054 se
387 2977 492 3053 Pater
510 2976 616 3054 esset:
642 3001 663 3052 a
680 2999 754 3071 quo
770 2979 905 3057 scilicet
918 2982 1007 3058 elset
1015 2988 1169 3083 gloriam

102 3081 364 3174 resumpturus,
402 3079 498 3176 apud
521 3099 648 3172 quent,
687 3079 882 3176 &inquo
916 3083 1004 3160 ellet
1032 3084 1169 3182 glorifi-

103 3183 258 3274 candus,
290 3200 367 3253 non
387 3180 542 3260 novello
560 3179 729 3276 honore,
763 3177 823 3258 sed
844 3180 1018 3277 pristin03
1049 3207 1168 3281 neque

103 3285 243 3374 alieno,
278 3278 338 3354 sed
357 3300 464 3373 quem
481 3280 575 3375 apud
596 3301 679 3356 eum
702 3283 838 3359 habuit.
890 3283 927 3356 si
947 3286 1067 3377 itaque
1088 3309 1167 3363 non

101 3387 139 3458 in
156 3382 267 3478 ipsum
283 3377 540 3478 glorificandus
559 3378 631 3472 est,
656 3380 779 3474 idest,
805 3397 847 3458 ut
859 3383 901 3458 fit
916 3387 952 3458 in
968 3388 1082 3480 gloria
1095 3388 1168 3462 Dei

103 3487 238 3576 patric,
263 3482 518 3556 contumeliam
535 3476 694 3557 adscribe
708 3497 862 3558 naturae:
888 3483 1039 3577 livero,
1066 3486 1166 3578 quod

103 3583 148 3653 ab
173 3603 220 3656 eo
247 3578 489 3677 glorificatur,
514 3579 707 3656 audioritas
729 3580 801 3674 est,
827 3580 969 3660 Patrem
993 3587 1167 3680 majorem

101 3684 140 3756 in
154 3678 378 3778 glorificandi
396 3681 611 3755 audioritate
632 3679 825 3778 cognosce.

178 3783 236 3870 5⁶·
264 3781 361 3878 Quid
393 3776 689 3874 dispensationem
721 3782 764 3854 ad
792 3784 1013 3875 impietatem
1043 3787 1166 3879 rapiti

101 3880 201 4054 guid
213 3877 466 3956 sacramentum
487 3879 755 3956 nostraesalutis
771 3883 910 3960 inradia
931 3886 973 3958 ad
991 3886 1167 3962 mortem?

141 3977 382 4054 lorifrcaturua
399 3978 528 4054 Filium
547 3979 653 4055 Pater
668 3985 782 4076 maior
793 3983 863 4059 est:
888 3982 1111 4081 glorificatus
1128 3989 1167 4064 in

99 4079 329 4156 PatreFilius
346 4081 464 4154 minor
477 4076 628 4155 nonest.
677 4083 954 4173 nutquomodo
967 4085 1087 4158 minor
1099 4087 1165 4183 est,

103 4182 214 4274 quiin
233 4182 346 4276 gloria
358 4180 427 4254 Dei
438 4183 548 4275 patria
560 4176 638 4254 esti
663 4178 1037 4277 AutnumquidPater
1049 4187 1167 4278 major

98 4301 178 4360 noo
197 4279 274 4359 esti
298 4281 423 4376 Major
437 4282 559 4375 itaque
574 4279 681 4456 Pate:
698 4282 763 4380 est,
789 4285 874 4361 dum
890 4297 996 4382 pater
1007 4283 1168 4461 1egizussed
