2742 4959
140 184 1227 444 ψ

379 423 483 446 ““’
842 443 879 472 κ

140 641 334 746 thorum
349 655 543 766 gratiam,
579 674 787 740 ntnrcurn
803 648 883 738 illis
900 677 1083 740 amorem
1103 681 1187 746 nn·

140 815 168 900 is
193 805 433 926 probarem·
455 807 569 896 hisce
591 806 744 921 aliquid
769 812 1001 893 ornamenti
1032 808 1184 900 addere

140 961 300 1081 npenso
326 961 473 1075 majori
489 963 633 1054 labore
648 964 957 1056 constitueram:
995 960 1182 1055 frausus

140 1147 216 1208 orn
230 1113 377 1214 forsan
390 1119 661 1230 imposterum
680 1145 783 1206 curn
801 1123 942 1232 graecis
970 1121 1093 1205 etiam
1112 1120 1180 1209 Pa·

140 1277 268 1380 ibus,
320 1274 366 1362 &r
394 1298 536 1388 parem
574 1298 724 1360 eorum
761 1299 903 1360 curam
941 1271 1181 1382 habiturus,
1228 1311 1234 1319 ·

140 1459 237 1522 nom
254 1431 444 1544 primunr
456 1426 676 1545 Origenes,
707 1432 781 1543 qui
793 1426 878 1538 jam
894 1427 1179 1540 dudumante,

140 1611 238 1675 narn
259 1581 368 1672 iilud
387 1586 493 1670 circa
512 1581 660 1672 latinos
675 1585 814 1682 Patres
830 1581 1043 1670 consilium
1061 1613 1179 1700 cepe·

140 1767 211 1844 m,
244 1742 415 1853 prelum
435 1765 718 1856 occupaverat,
746 1737 913 1826 alterius
930 1737 1056 1827 Patris
1077 1768 1179 1856 grae·

161 1896 395 2007 operibus,
430 1891 576 1982 iocum
592 1891 768 1995 scenio,
806 1917 935 2005 quern
955 1894 1179 1983 Athanasio
1260 1951 1263 1956 -

140 2053 421 2140 :stinavcranr⁸
488 2050 651 2138 Verum
676 2046 933 2133 hocccrtius
960 2050 1001 2156 ὃς
1028 2049 1178 2141 meiius

140 2199 336 2307 micabit,
367 2206 445 2317 qui-
458 2230 527 2290 mc
553 2202 614 2292 est
633 2203 775 2289 minus
794 2202 845 2288 ad
866 2198 1021 2290 diversa
1034 2205 1177 2296 distra-

140 2389 220 2469 :us‚
251 2386 332 2448 nec
347 2358 462 2450 alteri
484 2360 653 2472 negotio
669 2358 850 2469 graviori
864 2339 1061 2449 incertus.

215 2669 400 2761 Sollicite
422 2670 555 2785 igitur
576 2667 905 2788 circumspiciens
931 2670 1053 2786 siquis
1069 2667 1179 2762 foret

140 2834 205 2918 nic
230 2829 402 2942 negotio
426 2850 566 2941 aptus,
611 2829 655 2914 n
670 2826 844 2944 'admei
869 2850 967 2911 vota
991 2851 1188 2939 pronus,·

140 3012 219 3074 ona
237 2979 406 3072 fortuna
425 2986 470 3066 in
493 2982 634 3066 virum
656 2979 798 3083 incidi,
829 2984 903 3095 qui
927 2978 1039 3067 &in
1062 2980 1179 3069 theo·

140 3142 255 3256 ›gicis
283 3133 496 3251 disciplinis
518 3133 690 3247 jamdiu
713 3131 946 3220 cumlaude
973 3136 1176 3246 versatur,

140 3321 200 3383 :et
218 3298 324 3381 intra
342 3288 585 3379 domesticos
604 3311 763 3375 tanturn
781 3287 840 3375 sui
857 3289 1087 3375 monasterii
1106 3317 1177 3406 pa·

140 3476 230 3538 etes
250 3446 337 3535 illas
358 3442 621 3560 profiteatur3
655 3441 699 3530 δι
717 3465 806 3528 coto
822 3445 960 3528 animo
977 3465 1110 3557 optat,
1146 3446 1192 3536 fi-

140 3631 196 3692 no
217 3600 348 3690 modo
363 3596 494 3715 posset
517 3597 629 3686 utilis
646 3595 723 3684 eise
741 3601 800 3682 rei
820 3597 1020 3685 litterariae
1042 3601 1177 3713 publi·

140 3787 175 3844 c.
234 3754 319 3845 Hic
342 3754 521 3843 oblatam
544 3754 649 3840 hanc
673 3779 784 3838 arne
802 3750 879 3839 suis
896 3731 1099 3843 dcfidcriis
1124 3759 1177 3846 sa·

140 3908 334 4001 §faciendi
345 3910 600 3999 occasionem
616 3907 819 3997 ambabus
837 3910 1176 4022 {conmmanibus

140 4069 419 4184 [implexus.
477 4063 550 4168 Est
563 4066 599 4152 is
621 4044 869 4154 Coctaneus
884 4071 1006 4154 mens
1021 4063 1105 4179 jorn
1121 4067 1176 4156 ab

140 4223 280 4342 phebis
303 4219 405 4317 mihi
428 4245 553 4310 notus
572 4222 615 4309 &
640 4219 812 4329 charus,
849 4219 961 4336 apud
981 4218 1176 4311 Carmeli·

628 4383 646 4421 0
673 4381 693 4421 1
1059 4397 1121 4466 ω’
