2742 4959
214 629 264 704 26
395 623 454 704 s
485 624 682 703 thanrr
711 647 767 701 on
796 623 1072 702 Turum

210 801 324 862 tatem
348 788 425 881 eius
448 788 649 862 obtinuerit
668 786 725 860 vis
747 787 907 880 doloris,
942 790 1037 862 utin
1060 783 1138 882 ipso
1160 786 1282 864 crucis

213 903 382 984 tempore
396 887 551 962 diceret:
593 891 678 961 Deus
699 894 787 960 Deus
804 913 907 984 meus,
933 915 1032 986 quare
1049 912 1096 958 me
1109 889 1282 985 dereliqui·

203 983 274 1090 flii
309 985 368 1077 qtsi
392 988 500 1060 etiam
523 985 634 1081 usque
658 984 701 1063 ad
728 991 918 1081 querelam
931 987 1163 1063 desolationis
1187 984 1280 1084 sue,

210 1087 373 1186 pullionis
393 1089 590 1163 acerbitate
605 1104 831 1180 commotus,
857 1088 976 1161 auxilii
995 1088 1102 1181 inops
1120 1089 1278 1182 paterni,

210 1187 369 1285 spiritum
384 1190 422 1262 in
439 1188 506 1261 hac
523 1209 619 1261 voce
634 1187 803 1281 emiserit,
828 1207 910 1263 cum
927 1189 1037 1261 diuite
1066 1191 1171 1274 Pater,
1198 1213 1280 1260 cen»

210 1291 319 1364 urende
333 1297 370 1358 in
384 1306 578 1360 munusturi
592 1291 739 1385 spiritum
752 1308 870 1360 mum:
898 1285 1123 1361 &exhalandi
1132 1288 1276 1381 spiritus

209 1389 453 1483 trepidatione
470 1389 633 1463 turbatus
649 1387 822 1463 tuendum
839 1386 936 1461 hunc
955 1385 1039 1460 Deo
1058 1390 1150 1480 patri
1175 1407 1279 1465 com·

208 1486 460 1587 mendaverit,
496 1490 578 1584 quia
607 1488 931 1564 commendationis
952 1487 1193 1565 necellitatem
1215 1488 1278 1566 de·

210 1588 365 1685 sporatio
381 1586 579 1662 securitatis
596 1589 770 1688 exegerit.
805 1624 807 1628 ·

285 1710 343 1781 3²·
370 1687 439 1762 Sed
458 1688 639 1765 stultisfimi
654 1706 762 1781 atque
777 1689 960 1784 impiilbmi
976 1687 1163 1778 homines,
1195 1705 1277 1766 non

99 1799 102 1804 '
208 1784 449 1886 intelligentes
473 1790 562 1863 nihil
584 1791 807 1864 contrarium
824 1792 861 1864 in
878 1792 986 1863 rebus
1002 1788 1126 1861 iisdem
1143 1789 1188 1860 ab
1210 1809 1276 1862 eo·

208 1891 292 1964 dem
312 1887 442 1962 ditium
456 1887 572 1982 fuisse,
598 1890 719 1963 verbis
738 1904 876 1964 tantum
895 1889 1125 1980 inherentes,
1153 1887 1275 1963 causas

207 1984 297 2086 ipsas
311 1986 485 2063 dioornm
501 1991 735 2081 reliquerunt
783 1988 878 2065 Nam
889 2011 969 2064 cum
982 1991 1092 2088 longe
1103 1990 1276 2063 multum·

192 2110 279 2182 ,que
293 2085 471 2164 diversum
483 2089 543 2163 stt:
572 2083 687 2189 Trito
702 2088 743 2189 ιβ
757 2095 867 2163 anima
885 2117 952 2164 mea
968 2093 1061 2190 usque
1073 2092 1114 2162 ad
1126 2103 1271 2177 mertens

207 2191 260 2274 dt,
284 2193 403 2262 Amodo
415 2190 678 2281 uidebitisfilium
696 2193 834 2263 bominis
842 2194 1036 2284 sedentema
1056 2193 1179 2262 dextris
1196 2196 1272 2260 vir·

205 2291 385 2363 retisDei:
411 2310 528 2381 neque
536 2290 683 2385 idipsum
694 2290 751 2365 sit:
771 2295 878 2382 Pater,
878 2294 910 2391 ſs
915 2290 1054 2389 pofflbile
1064 2292 1116 2389 est,
1125 2291 1272 2381 rrenfiae

204 2394 292 2464 calix
311 2390 364 2488 ifle
382 2418 402 2460 a
422 2410 489 2476 »ηις
514 2387 548 2462 dt
565 2390 674 2485 illud,
704 2392 858 2485 calicum,
883 2418 971 2489 quem
984 2394 1068 2464 dedit
1085 2392 1270 2485 mibipatee·

204 2517 309 2579 meus,
342 2514 406 2561 nen
423 2487 631 2563 bidentum?
669 2492 850 2589 longeque
866 2491 1043 2569 diversum
1059 2492 1124 2584 stt,
1158 2494 1271 2581 Deus,

206 2597 297 2667 Deus
315 2613 425 2685 meus,
449 2615 546 2690 quare
567 2617 614 2663 me
629 2588 841 2691 dereliquisse?
866 2595 998 2686 abeo,
1024 2598 1126 2666 Amen
1148 2593 1271 2664 diceti-

205 2694 250 2782 bi,
277 2696 364 2765 lodie
381 2717 496 2765 mecum
510 2697 572 2764 eris
586 2699 623 2763 in
633 2693 798 2791 paradiso:
823 2696 973 2769 multum
984 2714 1130 2786 quoque
1144 2691 1270 2765 dilsen·

203 2794 292 2885 tiat,
321 2798 428 2882 Peter,
451 2796 673 2868 commendoin
688 2820 801 2868 manus
822 2811 894 2868 tuas
907 2796 1058 2892 spirirum
1078 2815 1203 2880 meum3
1230 2792 1267 2864 δι

202 2895 312 2986 illud,
342 2898 458 2986 Pater,
486 2900 611 2967 remitte
626 2899 702 2985 ills,
727 2901 816 2995 quie,
841 2896 922 2995 quod
931 2895 1080 2988 faciunt,
1105 2895 1267 2984 nesciunt:

144 3046 146 3049 -
203 2993 248 3066 ad
275 2994 493 3086 impietatem
518 2996 726 3068 reciderunt
748 2998 955 3070 divinorum
978 2992 1153 3069 ditiorum
1171 2997 1268 3068 inca·

201 3113 321 3190 paces.
371 3090 420 3164 Et
443 3112 523 3165 cum
543 3112 620 3166 non
639 3097 836 3167 conveniat
855 3094 1087 3187 trepidationi
1107 3093 1140 3165 de
1159 3096 1266 3169 liber·

200 3194 289 3283 tati,
314 3190 529 3266 festinationi
548 3193 580 3265 dt
595 3192 837 3286 excusationi,
870 3198 1030 3285 quaerelae
1047 3195 1079 3267 ἂ
1095 3196 1264 3267 adhorta·

198 3293 316 3384 tioni,
344 3289 865 3383 diffidentiaedrintercellroni3
893 3295 1024 3369 divinae
1039 3294 1263 3388 professionis

198 3404 407 3484 naturaeque
434 3394 688 3485 immemores,
726 3394 769 3466 ad
794 3411 1040 3490 argumentum
1068 3396 1259 3489 impietatis

198 3491 291 3587 suae,
317 3491 583 3586 dispensationis
601 3493 697 3589 gesta
717 3492 752 3566 dr
771 3493 861 3567 ditta
876 3509 1082 3570 tenuerunt.
1135 3495 1262 3586 ltaque

199 3612 270 3667 nos
285 3590 533 3666 demonstratis
550 3594 733 3685 omnibus,
760 3613 837 3685 quae
850 3595 885 3667 in
903 3593 1123 3668 sacramento
1143 3594 1264 3666 &ani-

197 3713 265 3769 mae
284 3691 497 3786 &corporis
515 3693 662 3767 Domini
675 3692 755 3789 Jesu
778 3693 905 3769 Christi
922 3694 1020 3787 sunt,
1053 3695 1141 3767 nihil
1160 3693 1261 3765 inex·

106 3811 128 3852 ν
196 3793 401 3888 ploratum,
433 3792 521 3866 nihil
539 3796 687 3869 tacitum
706 3795 974 3885 dereliquimus:
1001 3791 1059 3866 sed
1081 3791 1260 3868 ditiorum

199 3892 359 3973 omnium
386 3890 569 3986 pacificam
597 3895 868 3990 intelligentiam
893 3894 1031 3990 singulis
1059 3893 1259 3986 quibusque

198 3991 377 4067 causarum
401 3993 591 4089 generibus
609 4009 847 4087 coaptantes,
883 3995 1152 4086 nectrepidare
1169 3989 1261 4067 fidu·

197 4092 308 4185 ciam,
333 4113 402 4165 nec
421 4091 559 4168 evitare
572 4097 823 4184 voluntatem,
850 4115 920 4168 nec
936 4096 1109 4186 conqueri
1131 4094 1263 4167 securi·

194 4204 328 4283 tatem,
353 4213 421 4267 nec
436 4195 787 4268 commendationem
803 4192 853 4266 sui
875 4210 1060 4286 orantem,
1094 4195 1168 4265 aliis
1195 4216 1261 4268 ve·

190 4291 289 4370 niam
304 4290 509 4371 defiderasse
527 4293 820 4373 monstravimus:
858 4292 967 4373 fidem
983 4294 1272 4467 didlommsouni·

1083 4413 1131 4467 ve
1193 4434 1207 4454 ·
