2742 4959
360 599 370 644 ¹
524 597 845 681 Sennern
1128 617 1218 680 um

144 761 211 838 lue
235 763 272 853 ς.
295 779 352 853 13.
373 756 592 857 profitetur,
627 761 904 857 quodHilarlus
926 777 1008 838 eum
1034 759 1216 840 affirmare

144 895 278 976 notat,
311 879 348 957 se
363 880 488 960 Arium
505 903 697 975 numquam
712 881 819 960 scisse.
869 881 970 958 Idem
990 883 1213 960 contestatur

142 1001 179 1100 d.
199 1023 259 1094 1⁴·
276 1001 450 1078 Hilarium
471 1005 558 1078 olim
579 1003 780 1098 depositum
803 1017 865 1076 aut
884 1003 1121 1095 accusatoris,
1148 1019 1211 1078 aut

137 1124 273 1220 judicis
293 1122 480 1218 personam
500 1125 631 1200 babere
646 1145 722 1199 non
739 1123 886 1199 debere:
913 1124 1011 1215 quod
1027 1124 1088 1198 sibi
1105 1124 1148 1196 ab
1161 1143 1210 1196 eo

142 1237 330 1336 ubiedum
341 1242 503 1318 strenuus
519 1243 648 1320 Christi
666 1241 848 1319 consessor
862 1257 984 1316 narrar
998 1248 1030 1335 ᾗ.
1044 1247 1079 1318 6.
1133 1245 1209 1346 Qui

141 1361 290 1458 quidem
309 1363 372 1438 etii
392 1368 566 1439 nonnulla
583 1365 752 1441 confutat
773 1378 939 1456 tanquam
958 1364 1002 1436 ab
1017 1362 1211 1439 Auxentio

141 1482 293 1576 asserta,
320 1503 397 1574 que
413 1484 449 1557 in
464 1484 567 1578 ipsius
586 1485 710 1559 libello
724 1505 800 1557 non
816 1497 955 1577 extant,
982 1504 1023 1557 ea
1039 1484 1133 1558 haud
1144 1484 1209 1559 du·

138 1603 1205 1702 mmmmmmwmfflmmstmffimi

140 1721 252 1821 geue,
281 1743 359 1816 quae
377 1727 438 1799 ille
456 1740 541 1799 toto
552 1728 671 1803 animo
683 1727 904 1821 amplexatus
917 1726 1041 1801 libello
1051 1724 1114 1799 suo
1124 1723 1202 1802 sub·

134 1841 294 1940 §luenda
314 1862 514 1923 curaverat

539 1973 731 2065 magmenta
748 1965 816 2046 sic·

235 2084 434 2180 scripserat
456 2086 631 2177 Hilarius,
665 2089 896 2178 Hieronymo
910 2081 1020 2176 teste,
1053 2082 1206 2159 Historia

133 2225 220 2283 cum
237 2226 333 2310 upus
354 2223 484 2284 contra
498 2208 682 2284 Uriacium
703 2208 737 2282 dr
758 2210 974 2299 Valentem,
1009 2207 1207 2281 continent

131 2324 1203 2420 mmmmmmmmmfflbfflfflmmfflm

132 2469 179 2523 ex
200 2445 373 2524 haetenus
390 2446 489 2523 diuis
504 2450 642 2547 patuit,
666 2447 752 2523 fidei
770 2446 863 2540 quasi
881 2449 917 2521 in
937 2446 971 2520 se
989 2468 1133 2520 omnem
1148 2444 1201 2518 su

130 2566 296 2663 seeperat
323 2568 500 2663 Hilarius,
532 2570 618 2644 inde
641 2571 683 2643 ad
705 2568 928 2643 scribendum
949 2569 1067 2641 hocce
1093 2568 1202 2644 etiaru

134 2709 230 2784 opus
249 2686 369 2763 fuerat
382 2704 517 2766 motus.
567 2689 668 2764 Sicut
681 2691 796 2765 libros
814 2689 860 2762 de
874 2685 1056 2760 Trinitate
1074 2685 1200 2777 edidit,

131 2829 178 2886 ne
196 2809 428 2884 exulantibus
438 2831 535 2884 verae
544 2806 931 2905 fideipraedicatoribus
945 2802 1024 2877 sana
1038 2802 1200 2880 dosirins

131 2927 365 3017 coerularet3
396 2929 447 3002 ita
466 2929 500 3002 dr
520 2927 671 3025 suscepit
694 2929 897 3022 hocopus,
929 2947 977 2999 ne
995 2923 1196 2999 absentibus

129 3047 313 3143 plerisque
334 3043 539 3145 'pastoribus
564 3063 720 3127 noceret
750 3045 934 3144 perversa:
968 3046 1065 3120 &ut
1089 3067 1196 3117 unus·

130 3170 283 3264 quisque
297 3169 435 3262 jndicio
455 3170 623 3266 deinceps
638 3172 790 3267 proprio
807 3165 1195 3242 confistellsfalsltatcm
1291 3167 1299 3186 ⁸

128 3290 222 3364 illius
243 3308 309 3384 per
330 3285 364 3363 se
380 3287 617 3387 discerneret,
652 3291 914 3385 &opinionem
934 3308 1011 3362 non
1032 3285 1194 3377 sequere·

126 3423 185 3486 tur
209 3409 373 3486 alienam.
430 3410 543 3511 Quod
564 3433 611 3487 eo
635 3427 802 3504 tempore
821 3407 1193 3483 convenientillrmum

127 3545 225 3614 erat,
237 3521 241 3526 ’
252 3549 328 3624 quo
343 3528 386 3603 ad
403 3528 663 3607 Ariminensem
678 3530 816 3605 Estcsm
831 3525 1076 3624 excipiendam
1096 3525 1193 3602 Con·

126 3649 246 3728 stantii
263 3651 494 3744 lmperatoris
509 3652 626 3727 edisio
643 3652 868 3749 cogebantur
887 3669 1035 3739 omncs,
1063 3647 1096 3722 u
1117 3657 1190 3738 qud

126 3769 288 3845 Hilarius
314 3773 421 3847 illaeso
449 3773 682 3868 Imperatoris
710 3770 877 3863 nomine,
913 3790 992 3864 eam
1022 3767 1189 3842 omnibus

124 3887 357 3966 damnandam
386 3892 630 3969 demonstrare
657 3893 879 3984 conabatur,
916 3888 1037 3963 donec
1061 3888 1190 3964 liceret

123 4009 1187 4108 mmmffioemmffimmm&mmm

123 4127 294 4220 llrsacius
314 4131 350 4206 dr
371 4134 530 4227 Valens,
556 4135 669 4209 verba
683 4131 764 4207 sunt
780 4129 926 4206 Nicolai
944 4129 1051 4209 Fabri
1066 4129 1103 4203 in
1119 4127 1198 4202 sra·.

123 4268 269 4353 amenta
284 4251 362 4332 hec
379 4253 575 4352 presentis,
602 4254 693 4329 alter
705 4250 890 4353 Singiduul
902 4249 1093 4358 superioris
1103 4247 1189 4346 My·

616 4395 688 4469 e4
1058 4370 1139 4468 fiae,
