2742 4959
201 653 273 724 auo
405 642 440 721 S.
472 643 669 718 Hitnnrr
698 665 757 719 ne
787 641 1064 720 annrrnra

201 830 286 886 men
309 806 390 901 ipsis
423 805 497 880 hoc
519 803 667 879 Domini
691 801 804 879 nostri
829 803 1106 899 professionibus
1130 808 1272 899 placuit

201 909 363 1001 ostendi,
390 907 448 1002 qui
465 926 546 978 cum
557 904 767 998 frequenter
777 903 857 978 fidei
869 929 910 978 ac
919 902 989 998 spei
1002 906 1130 980 nostrae
1145 909 1270 992 Deum

198 1031 313 1084 unum
335 1003 547 1094 intimaffet‚
572 1021 614 1078 ut
634 1003 889 1080 sacramentum
913 1007 1019 1078 unius
1037 1008 1107 1079 Dei
1129 1005 1164 1082 se
1185 1033 1271 1102 quo·

203 1131 276 1202 pue
293 1109 377 1182 Deo
396 1103 577 1201 proferro,
603 1108 835 1202 probatoque
859 1102 1040 1200 firmaret,
1067 1108 1180 1184 dixit:
1213 1115 1272 1208 Ego

203 1209 246 1288 (ἴ
265 1213 359 1282 nater
378 1231 477 1277 unum
492 1206 618 1294 sumus:
644 1207 704 1300 ἃ,
730 1209 771 1278 Si
780 1209 875 1296 scitis
895 1231 952 1292 me,
974 1209 1065 1296 sciris
1081 1205 1119 1281 ὅ
1143 1215 1268 1285 Patren

202 1330 324 1383 meum:
350 1305 406 1399 ἃ,
430 1307 683 1400 Quimevrdir,
708 1308 796 1377 vidit
813 1309 851 1383 U
871 1308 998 1379 Patrem
1015 1332 1134 1378 meum.-
1164 1317 1269 1402 Pater,

203 1413 262 1512 'qui
282 1411 320 1480 in
337 1432 385 1478 me
401 1423 529 1495 manet,
554 1405 616 1501 ipse
623 1405 710 1500 facit
723 1427 813 1504 opero
821 1407 902 1496 saro:
935 1407 990 1501 ἃ,
1020 1412 1147 1481 Credite
1164 1417 1269 1502 milri,

203 1515 281 1612 prtia
304 1511 401 1583 Paret
415 1512 453 1578 iu
466 1530 531 1596 me,
557 1506 597 1583 U
612 1531 661 1601 ego
675 1511 713 1576 in
734 1511 849 1579 Patre:
862 1507 916 1603 fin
929 1527 1052 1594 autem,
1077 1512 1131 1580 vei
1141 1532 1271 1607 propter

204 1631 297 1710 opera
313 1608 380 1704 ipsa
397 1610 522 1682 credite.
571 1604 813 1681 Nativitatem
832 1605 926 1680 suam
943 1609 978 1681 in
996 1610 1144 1684 nomine
1156 1616 1273 1706 patris

204 1707 384 1806 expressit,
410 1703 578 1805 cognosci
594 1705 733 1781 Patrem
747 1706 783 1780 in
800 1707 836 1780 se
844 1711 993 1802 cognito
1009 1710 1130 1784 docet.
1180 1711 1272 1787 Uni·

204 1825 318 1884 tatem
336 1822 472 1882 naturae
492 1806 650 1897 fatetur,
685 1827 766 1880 cum
784 1806 887 1880 Pater
908 1808 943 1880 in
963 1806 997 1881 se
1014 1807 1091 1881 viso
1114 1811 1269 1892 videtur.

204 1907 476 2002 lnseparabiiem
498 1905 566 1980 sea
586 1904 691 1979 Patre
705 1906 875 1997 testatur,
903 1927 983 1981 cum
998 1909 1033 1980 in
1054 1929 1225 1986 manente
1236 1916 1269 1988 iu

205 2007 242 2084 se
260 2022 382 2083 manet
401 2006 515 2082 Patre.
573 2004 756 2080 Fiduciam
778 2006 1005 2080 conscientiae
1026 2024 1149 2100 tenet,
1192 2033 1270 2088 cum

205 2111 261 2184 his
289 2107 388 2182 diuis
414 2105 481 2178 suis
502 2104 598 2179 credi
623 2105 780 2199 postulat
802 2127 847 2179 ex
870 2110 1085 2199 operatione
1112 2112 1268 2190 virtutis.

206 2211 333 2299 Atque
355 2207 406 2276 ita
429 2208 464 2277 in
485 2207 551 2278 hac
567 2206 733 2299 perfettae
750 2208 947 2279 nativitatis
970 2208 1159 2282 beatissima
1181 2209 1268 2306 fide,

209 2312 337 2379 uitium
358 2326 485 2397 omne,
525 2305 558 2377 ἀ
584 2306 693 2379 duum
717 2308 899 2398 Deorum,
939 2307 1061 2380 &Dei
1089 2308 1270 2406 singularia

207 2406 462 2501 exstinguitur:
494 2425 596 2498 cum,
623 2406 683 2496 qui
702 2426 810 2479 unum
826 2405 926 2498 sunt,
952 2428 1026 2479 non
1043 2406 1210 2493 srtunus,
1239 2412 1272 2485 ἃ

208 2511 267 2598 qui
291 2527 367 2578 non
388 2526 476 2575 unus
494 2503 566 2593 est,
593 2519 804 2577 nontamen
823 2508 866 2578 ab
885 2528 952 2597 eo,
980 2508 1037 2598 qui
1055 2508 1131 2603 est,
1158 2513 1208 2585 it'a
1228 2534 1271 2585 ex

209 2609 329 2697 aliquo
350 2603 513 2695 differat,
540 2621 580 2676 ut
603 2620 755 2693 uterque
773 2626 848 2676 non
872 2628 979 2678 unum
1000 2609 1076 2681 sint.

285 2728 318 2793 5.
345 2705 431 2777 llaec
451 2706 557 2800 igitur
582 2708 662 2795 quia
686 2706 841 2777 haeretici
861 2728 990 2801 negare
1005 2728 1078 2779 non
1104 2708 1270 2805 poss'unt,

208 2808 342 2898 quippe
362 2826 440 2877 cum
464 2807 529 2876 {int
542 2821 612 2877 tam
631 2803 792 2877 absolute
808 2804 918 2897 diua,
946 2823 1053 2897 atque
1074 2810 1268 2894 intelteua,

208 2921 326 2978 tamen
357 2904 550 2977 stultiffimo
577 2907 768 2996 impietatis
798 2902 864 2975 suae
896 2908 1083 2978 mendacio
1109 2914 1269 3005 neganda

209 3021 457 3097 corrumpunt.
510 3005 549 3075 ld
566 3006 679 3093 enim,
708 3005 804 3093 quod
828 3023 893 3076 ait:
924 3008 986 3097 Ego
1002 3005 1040 3081 (7
1058 3011 1152 3079 Pater
1172 3037 1268 3080 uerum

200 3110 321 3195 sumus,
348 3116 490 3174 tentant
509 3103 550 3172 ad
566 3105 807 3174 unanimitatis
825 3104 960 3178 referre
975 3105 1204 3199 consensum
1233 3127 1269 3183 ut

207 3203 520 3277 voluntatisinhis
531 3204 645 3274 unitas
657 3203 711 3291 stt,
739 3223 971 3296 nonnaturae,
999 3209 1034 3278 id
1049 3209 1113 3302 cst,
1142 3226 1268 3283 utnon

205 3325 273 3398 per
295 3304 354 3392 id,
389 3303 486 3393 quod
509 3302 609 3393 sunt,
645 3300 703 3374 sed
720 3305 853 3394 perid,
887 3311 982 3396 quon
999 3309 1090 3378 idem
1113 3315 1266 3403 volunt,

206 3425 317 3477 unum
335 3402 411 3475 sint.
465 3397 512 3473 Et
529 3401 628 3482 illud,
656 3403 755 3492 quod
776 3401 879 3474 estin
902 3401 1267 3498 Arimin-Apostolo-

205 3526 306 3593 rum,
338 3502 422 3574 huic
437 3501 634 3575 defenfioni
653 3501 720 3574 suae
737 3518 878 3594 aptant:
908 3508 1138 3575 Multitudinis
1160 3527 1266 3577 autem
1298 3513 1299 3544 ¹

207 3609 400 3674 credentium
410 3600 643 3677 eratenim&
652 3625 831 3688 cornuum5
858 3606 1116 3699 mammarum,
1145 3606 1266 3680 &corn

203 3705 300 3776 dium
318 3703 516 3793 diversitas,
541 3705 578 3775 in
593 3723 658 3776 cor
670 3722 795 3793 unum,
823 3719 929 3794 atque
943 3707 1090 3779 animam
1108 3729 1266 3799 percon·
1297 3727 1299 3794 4

204 3806 424 3876 venientiam
441 3803 594 3891 ejusde-r
620 3831 624 3838 ·
646 3804 818 3875 eluntatis
835 3804 950 3874 unitas
970 3805 1022 3880 sit.
1074 3807 1145 3880 Vel
1161 3810 1265 3900 iliud,

204 3906 303 3995 quod
319 3904 362 3974 ad
372 3901 582 3973 Corinthios
596 3898 777 3974 scribitur:
803 3903 1009 3995 Quiplonror
1021 3923 1135 3992 aurem,
1164 3910 1202 3983 (5
1214 3916 1268 4006 qui

205 4015 309 4094 rigat,
340 4026 439 4070 unum
452 4002 553 4088 sunt.-
586 4019 626 4073 ut
648 4024 725 4074 non
740 3998 929 4075 differente
945 4005 1140 4080 ministerio
1160 4010 1201 4080 ad
1221 4006 1268 4081 sa·

201 4104 335 4192 intem,
371 4101 403 4173 u
429 4103 463 4171 in
479 4102 634 4191 ejusdem
652 4099 860 4174 sacramenti
876 4105 1099 4198 profetium‚
1137 4113 1268 4183 voiun-

202 4209 284 4273 tntis
311 4202 352 4274 sit
380 4203 495 4272 unitas
515 4201 550 4271 in
573 4201 726 4274 duobus.
780 4203 849 4274 Vel
864 4205 923 4296 id,
965 4209 1065 4294 quod
1083 4208 1264 4282 Dominus

188 4301 343 4378 salutem
363 4302 624 4378 crediturarum
642 4302 681 4374 in
694 4300 728 4375 se
746 4303 904 4399 gentium
923 4303 1265 4404 aPatrepostuians,

1150 4426 1217 4482 ait:
