2742 4959
188 647 261 774 ¹3³²
393 669 430 751 8.
461 657 663 748 numa
693 687 751 747 ns
780 639 1063 750 Taia'rrnrs

187 837 354 936 probeat.
407 825 475 909 Ait
492 835 588 910 etaim
604 831 674 908 ita:
701 829 830 908 Omnis
849 835 959 930 enim,
986 838 1207 936 quicumque
1216 843 1276 921 itt·

186 938 386 1014 vocaverit
399 931 538 1010 nome'n
555 933 729 1029 Domini,
766 933 971 1010 salvabitur.
1023 940 1271 1036 „Quomodo

189 1090 220 1139 ‚,
246 1041 476 1115 invocabunt
493 1055 588 1125 eum,
613 1035 651 1110 in
664 1055 770 1128 quem
784 1056 861 1110 non
876 1037 1132 1115 crediderunt?
1161 1045 1273 1142 Quo.

191 1137 360 1237 „modo
385 1151 504 1212 autem
532 1131 683 1210 credent
713 1137 745 1208 ci
758 1188 771 1228 ,
805 1156 911 1229 quem
938 1159 1014 1213 non
1042 1140 1269 1222 audierunt?

188 1289 220 1337 „
247 1237 451 1339 Quomodo
471 1249 592 1311 autem
616 1234 763 1310 audient
782 1235 855 1310 stne
878 1240 1123 1332 predicante?
1160 1245 1269 1416 (puo-

191 1389 223 1437 „
246 1339 360 1417 modo
382 1351 501 1412 autem
519 1336 778 1434 praedicabunt,
805 1335 868 1412 nis
884 1339 969 1415 missi
986 1338 1147 1417 fuerint?
1186 1358 1268 1420 scut

192 1490 221 1535 „
246 1436 500 1532 scriptumest:
527 1437 646 1535 Quam
666 1434 813 1531 speciosi
828 1436 938 1530 pedes
954 1460 1101 1527 corum,
1131 1445 1191 1535 qui
1204 1466 1269 1520 an-

191 1589 220 1636 „
244 1541 563 1633 nuntiantpacem,
590 1557 733 1628 eorum,
760 1537 1164 1630 quiannuntiantbona:
1190 1543 1264 1619 Sed

189 1686 221 1736 ‚,
245 1661 324 1716 non
345 1658 472 1714 omnes
496 1637 674 1713 obediunt
694 1633 907 1734 Evangelio.
961 1637 1077 1715 Esaias
1099 1644 1192 1717 enim
1209 1643 1262 1716 di·

188 1779 219 1836 2,
246 1740 315 1832 cit:
342 1738 519 1830 Domine,
545 1738 623 1829 quis
639 1736 1105 1814 crediditaudituinostros
1133 1743 1263 1838 Itaque

189 1881 219 1936 0,
243 1837 334 1914 fides
353 1837 564 1930 exsauditu,
597 1837 738 1912 auditus
755 1852 874 1913 autem
891 1862 955 1936 per
972 1846 1136 1918 verbum.
1189 1844 1264 1920 Sed

187 1986 220 2036 a,
246 1941 355 2032 dico,
375 1937 561 2030 numquid
580 1958 657 2012 non
674 1936 890 2014 audierunt?
926 1939 1040 2016 Immo
1056 1944 1092 2016 in
1115 1962 1262 2021 omnem

190 2092 222 2138 „
247 2055 381 2116 terram
401 2038 518 2112 exivit
531 2035 638 2113 sonus
654 2058 803 2130 corum,
843 2039 940 2114 &ad
961 2045 1137 2117 terminos
1158 2046 1258 2119 orbis

189 2191 221 2238 „
245 2142 361 2216 verba
379 2159 517 2216 eorum.
568 2138 638 2213 Sed
652 2139 755 2213 dico:
781 2137 968 2234 Numquid
985 2141 1087 2217 lsrael
1108 2165 1183 2218 non
1198 2133 1259 2219 sci·

190 2283 218 2334 ‚‚
243 2238 326 2315 viti
358 2238 496 2313 Primus
518 2237 668 2332 Moyses
695 2239 799 2312 dicit:
842 2237 921 2340 Ego
946 2243 1107 2316 incitabo
1130 2265 1200 2316 vos
1221 2244 1261 2321 in

191 2392 222 2438 „
248 2361 325 2414 non
338 2353 497 2436 gentem,
507 2340 542 2413 in
559 2355 704 2436 gentem
721 2337 928 2416 insensatam
939 2343 1162 2414 exacerbabo
1173 2363 1258 2419 vos.
1286 2350 1290 2362 '

185 2487 219 2536 0,
244 2437 362 2514 Esaias
386 2452 505 2514 autem
527 2439 659 2534 audet,
686 2438 838 2516 &dicim
864 2440 1021 2535 Apparui
1041 2457 1157 2513 autem
1179 2441 1261 2537 his,

188 2593 219 2638 „
241 2542 302 2635 qui
317 2563 375 2615 me
392 2561 469 2615 non
486 2553 659 2634 quarunt,
686 2542 857 2615 inventus
874 2539 946 2615 sum
957 2541 1014 2634 iis,
1041 2544 1098 2633 qui
1110 2563 1166 2614 me
1178 2562 1260 2618 non

188 2695 218 2740 „
242 2643 524 2740 interrogabant.
575 2638 634 2714 Ad
650 2637 753 2714 lsrael
771 2654 888 2716 autem
906 2640 989 2734 quid
1010 2641 1121 2713 dicit?
1155 2642 1260 2716 Tota

188 2793 216 2840 „
241 2743 583 2817 dieentendimanus
593 2762 688 2816 meas
699 2741 1002 2838 adpopulumnon
1012 2742 1262 2816 audientem.“

189 2846 283 2945 Quis
304 2844 378 2916 caeli
402 2844 580 2936 circulos,
617 2842 795 2918 incertum
809 2844 1075 2936 incorporeus,
1114 2864 1157 2914 an
1178 2862 1260 2913 cor·

189 2964 347 3039 puteus,
381 2942 556 3039 egressus,
590 2940 737 3016 fidelior
753 2942 865 3016 Paulo
881 2939 1057 3017 ditiorum
1075 2941 1263 3038 propheti·

192 3064 319 3118 corum
336 3046 512 3134 interpres
529 3040 716 3115 exstitisti?
751 3044 843 3141 Quis
866 3044 1100 3118 inenarranda
1117 3039 1262 3114 caetesti·

189 3163 251 3217 um
280 3142 530 3235 mysteriorum
556 3141 701 3215 audiens
727 3139 966 3236 sacramenta,
993 3145 1165 3215 &tacens
1187 3161 1262 3215 ma·

186 3242 271 3338 jore
294 3244 370 3315 haec
394 3239 523 3315 fiducia
545 3246 717 3315 revelatae
741 3242 807 3315 tibi
825 3264 845 3314 a
861 3241 945 3316 Deo
964 3242 1116 3315 scientiae
1133 3241 1261 3331 praedi·

191 3341 301 3416 casti?
328 3345 418 3441 Quis
438 3344 480 3414 ad
495 3343 754 3437 plenitudinem
772 3342 961 3417 dominicae
979 3340 1140 3435 paffionis
1155 3340 1260 3412 cruci

185 3441 445 3532 reservandus,
472 3457 576 3515 antea
600 3445 636 3516 in
659 3442 696 3514 in
715 3441 910 3535 paradisum
929 3453 1052 3534 raptus
1074 3435 1261 3533 evadens,

187 3542 315 3620 melius
346 3543 390 3616 de
414 3544 544 3617 divinis
564 3543 757 3635 scripturis
780 3540 964 3615 eieiiionis
990 3534 1072 3610 vase
1088 3535 1261 3630 docuisti,

187 3641 267 3717 hacc
284 3643 443 3716 nesciens
464 3641 577 3738 dista,
604 3641 771 3739 gestaque
792 3637 895 3713 effen
913 3635 999 3710 'Deo
1019 3657 1127 3726 vcro,
1156 3636 1191 3709 dc
1212 3637 1258 3712 ad

186 3743 461 3839 intelligentiam
482 3744 553 3816 Dei
570 3744 691 3817 veria
715 3760 808 3815 vero
824 3742 923 3834 ejus,
957 3738 991 3810 dc
1012 3736 1130 3812 eiedo
1153 3735 1262 3832 Apo-

185 3840 286 3920 stolo
306 3842 522 3937 praedicatai

264 3965 320 4036 33.
348 3941 422 4016 Nist
437 3943 535 4015 forte
552 3940 750 4032 Apostolus
764 3937 863 4013 ditiis
877 3937 1102 4032 propheticis
1117 3959 1194 4012 non
1208 3954 1257 4011 ex

185 4044 390 4138 prophetice
414 4040 536 4135 spiritu
553 4042 744 4136 usurpatis,
771 4042 977 4112 temerarius
999 4041 1103 4113 alieni
1122 4037 1254 4109 sermo·

182 4145 241 4216 nis
267 4144 445 4236 interpres
472 4141 531 4217 cst.
585 4141 715 4216 Omnia
737 4139 878 4230 quidem
905 4161 969 4234 per
984 4137 1253 4213 revelationem

185 4241 314 4316 Christi
333 4241 531 4336 Apostolus
546 4243 649 4316 dicits
674 4238 734 4315 sed
750 4238 858 4314 Esaiae
874 4240 1019 4315 distaex
1030 4236 1128 4312 ditiis
1141 4231 1260 4305 Esaiae

159 4335 426 4435 saducaeus:
455 4342 505 4431 stt
521 4341 679 4426 exordio
695 4343 793 4428 enim
806 4339 980 4424 sermonis
996 4340 1095 4435 ejus,
1124 4336 1260 4423 inquo

902 4535 915 4570 ἡ
1107 4434 1218 4511 &eos
