2742 4959
464 631 949 714 ”Lranalstw-
1170 641 1220 736 φ

141 803 260 901 flbilia
276 812 474 896 tentamur,
499 801 628 896 quibua
645 800 884 900 intelligentia
897 799 941 876 ad
957 797 1223 898 conspicabiles

143 925 208 986 rer
234 907 268 978 dr
290 922 489 1000 corporeas
512 915 709 979 coartatur.
761 905 852 978 Non
878 900 1117 977 erubescimus
1135 903 1219 978 stul·

142 1010 260 1100 titia,
282 1025 362 1078 non
378 1001 620 1096 nosmetipsos
635 1003 909 1100 irreligiofitatis
926 1005 1118 1102 arguimus,
1146 1005 1218 1080 Dei

147 1107 310 1202 arcanis,
346 1104 417 1177 Dei
447 1103 642 1178 uirtutibus
659 1105 936 1180 calumniantes.
1012 1104 1219 1201 Quomodo¹

143 1206 283 1296 Filius,
310 1204 462 1288 &unde
478 1203 611 1286 Filius,
638 1204 764 1296 &quo
784 1203 916 1280 damno
936 1201 1071 1296 Patris,
1098 1206 1220 1280 velex

146 1305 409 1402 qua-portione
428 1305 605 1398 srtnatus,
631 1303 851 1397 inquirimus.
901 1301 1142 1378 Habueras'in
1157 1326 1220 1378 ex·

145 1405 553 1502 ernpiooperationum,·
573 1419 615 1478 ut
623 1405 801 1492 crederes,
815 1399 934 1478 Deum
944 1401 1085 1479 efficere
1097 1401 1223 1523 pollep

144 1527 304 1604 qnorum
319 1506 521 1602 intelligere
532 1501 758 1580 efficientiam
775 1523 852 1578 non
868 1503 986 1620 poids.
1005 1605 1013 1623 ι
1213 1547 1218 1558 -

139 1609 474 1806 ..iiiluna
489 1599 1093 1803 nutrirentur{tzur

143 1827 295 1902 quaero,
322 1807 510 1899 quomodo
523 1821 628 1880 natus
645 1829 691 1881 ex
712 1807 865 1904 Virgine
876 1805 942 1898 sit,
968 1807 1221 1880 andetrimenr

141 1921 224 1984 tum
235 1908 283 1981 sui
296 1927 382 1980 caro
394 1904 587 2000 perfodiam
597 1927 643 1978 ex
659 1904 695 1980 se
710 1926 855 1979 carnem
869 1923 1044 2002 generans
1054 1902 1220 1999 perpessa

141 2005 202 2084 stt.
261 2003 309 2077 Et
331 2017 431 2079 certe
459 2023 536 2078 non
554 2003 723 2100 suscepit,
758 2004 855 2097 quod
876 2003 1013 2096 edidit,
1046 2001 1103 2077 sed
1128 2023 1220 2096 caro

141 2124 293 2179 carnem
312 2103 386 2176 stne
400 2105 664 2180 elementorum
684 2102 892 2178 nostrorum
916 2103 1059 2197 pudore
1081 2109 1220 2200 proved

139 2206 223 2296 xit,
261 2206 294 2278 dr
312 2201 507 2297 perfectum
531 2201 602 2298 ipsa
624 2206 670 2280 do
686 2204 755 2280 suia
776 2223 852 2279 non
867 2205 1051 2300 imminuta
1070 2225 1218 2302 genera·

141 2307 214 2380 vit.
267 2301 317 2378 Et
346 2305 487 2396 quidem
513 2303 566 2380 sas
595 2303 701 2398 esset,
736 2325 814 2379 non
834 2295 1045 2400 imposibile
1072 2307 1106 2379 in
1130 2305 1217 2380 Deo'

85 2455 88 2498 ι
144 2405 310 2498 opinari,
351 2405 450 2498 quod
473 2425 540 2500 per
567 2407 742 2483 virtutem
767 2410 842 2501 ejus
866 2406 1027 2502 poffibile
1052 2405 1155 2482 sulsse
1179 2408 1218 2482 in'

85 2623 88 2676 t
223 2628 279 2681 20.
303 2605 349 2678 Se
380 2623 434 2698 te,
461 2607 618 2698 quiaquia
628 2627 682 2698 es,
707 2557 1218 2701 ininvestigabiliasettantem.

85 2511 89 2620 j
145 2506 295 2581 homine
313 2506 575 2678 cofnoscimus.

145 2701 183 2778 dr
198 2705 405 2780 divinorum
421 2704 656 2786 secretorum,
683 2719 792 2794 atque
809 2707 986 2777 virtutum
1007 2723 1219 2801 gravemar-

143 2806 279 2880 bitrum
294 2805 469 2896 consulo,
495 2819 537 2874 ut
558 2805 646 2876 mihi
660 2803 852 2896 imperito,
880 2804 1126 2877 &tantumde
1140 2813 1221 2880 orn-¹

141 2907 253 2982 nibus
277 2905 387 2996 Deo,
414 2917 457 2973 ut
473 2900 553 2975 sunt
571 2906 615 2976 ab
634 2922 681 2977 eo
700 2899 808 2994 diila,
836 2904 1009 2995 credenti,
1036 2904 1218 2980 rationem

142 3002 272 3079 saltem
295 3000 377 3076 farti
397 2999 494 3076 istius
517 3001 656 3076 afferas.
709 3003 905 3078 Dominum
928 3006 1058 3098 audio,
1086 3004 1222 3096 &quia

143 3107 203 3180 llis
222 3103 348 3194 credo,
375 3122 454 3194 qua
471 3100 600 3196 scripta
612 3101 703 3186 sunt,
729 3102 881 3198 sciojam
896 3104 976 3199 post
988 3103 1219 3180 resurrediio·

85 3201 89 3324 f
144 3225 232 3280 nem
261 3201 472 3297 frequenter
498 3203 692 3280 videndun
719 3201 754 3278 se
782 3203 818 3277 in
848 3225 1008 3299 corpore
1030 3201 1219 3301 praebuiss‘e'

85 3345 90 3392 ς
145 3306 269 3382 multia
300 3324 376 3376 non
403 3301 661 3392 credentibua3
704 3317 803 3379 certe
833 3303 1007 3399 Thone,
1045 3325 1124 3378 non
1154 3301 1219 3378 nisr

85 3469 90 3501 ,
146 3403 382 3478 contrectatis
418 3403 496 3497 ejtta
534 3405 745 3479 vulneribus
779 3403 985 3500 credituro,
1029 3404 1119 3479 sicut
1149 3407 1218 3480 ait:

85 3513 89 3612 j
146 3506 226 3604 Mfi
248 3507 358 3576 uidero
380 3510 418 3575 in
435 3504 581 3576 manilius
598 3507 820 3604 ejurfixrtrom
835 3506 1018 3599 clavorum,
1054 3503 1094 3582 (Ἰ
1111 3509 1220 3596 misero

85 3621 89 3744 Ι
145 3607 283 3701 digitum
301 3631 402 3678 meum
418 3607 566 3677 inlocum
580 3605 755 3694 clauorum,
782 3605 821 3681 U
835 3610 964 3678 mirram
978 3629 1106 3678 martum
1120 3629 1220 3678 meam

85 3751 87 3768 ι
149 3708 394 3800 instructius,
426 3731 492 3778 nort
508 3707 640 3779 ondam.
697 3705 877 3778 Dominus
894 3705 936 3783 ad
955 3727 1101 3784 omnem
1118 3703 1222 3780 sein·

144 3807 357 3904 telligentiae
374 3805 502 3880 nostre
515 3805 798 3879 imbecillitatem
811 3809 1041 3896 accomodat.
1070 3803 1219 3881 &dubi-

85 3897 88 3932 '
146 3909 281 3980 tationi
293 3901 487 3982 infidelium
499 3904 752 3998 satisfacturus,
776 3925 942 3984 arcanum
955 3908 1139 3985 invisibilis
1149 3905 1222 3978 vir·

144 4009 238 4080 tutis
258 4021 449 4098 operatur:
484 4005 565 4080 faui
583 4009 784 4100 rationem,
820 4009 977 4101 quisquis
994 4008 1085 4098 eris,
1121 4005 1223 4078 cnie-

146 4103 253 4182 stium
272 4119 393 4180 rerum
416 4105 615 4198 scrutator,
652 4127 810 4198 expono.
862 4106 976 4186 Erant
1002 4105 1161 4201 discipuli
1181 4104 1221 4178 in

146 4205 292 4299 clauso,
323 4207 356 4280 dt
376 4204 517 4280 secreto
538 4205 620 4299 post
636 4205 827 4306 pasionem
843 4207 993 4286 Domini
1012 4204 1225 4303 congregati

146 4305 399 4394 consederant.
451 4301 1223 4486 Dominus'lkj'lrornaefidempropofigstcon·

709 4427 731 4483 2
1102 4420 1174 4488 ttu-
