2742 4959
198 665 268 742 19²
401 641 438 720 S.
467 641 664 716 iirunnrr
685 659 754 714 mu
783 636 1062 717 Turni-rnre

192 828 268 884 mas
288 803 491 902 intelligens
510 803 700 877 Dominum
724 801 844 897 suum,
882 802 1044 879 &neum
1071 803 1170 883 suum
1190 807 1267 888 effe

196 903 377 980 confessus
395 903 455 978 est.
506 901 596 976 Non
615 903 675 976 hic
698 902 850 976 honoris
869 903 922 986 est
936 925 1097 1000 nomon,
1131 907 1189 983 sed
1204 933 1269 988 na.

195 1021 286 1080 turae
304 1004 476 1079 confeffio
493 1001 562 1077 est:
588 1005 696 1076 rebus
711 1003 806 1075 enim
822 1003 916 1094 ipsis,
945 1021 1054 1095 atque
1066 1009 1267 1090 virtutibuu

188 1101 308 1180 'Deum
329 1105 493 1178 credidit.
543 1099 595 1174 Et
617 1104 790 1177 Dominus
811 1102 1036 1196 profeiiionis
1059 1109 1163 1202 hujus
1182 1113 1266 1188 reli·

116 1199 127 1222 '
152 1209 157 1216 ’
195 1209 340 1306 gionem
359 1225 440 1277 non·
456 1202 609 1277 honoris
635 1199 706 1276 eise
727 1201 877 1296 docuit,
903 1203 962 1277 sed
982 1201 1087 1301 fidei,
1119 1210 1266 1288 dicensi

195 1311 286 1400 Quia
302 1305 429 1400 vidisti,
455 1303 627 1393 credidisti:
658 1305 759 1386 beati,
785 1309 841 1400 qui
854 1329 921 1374 nnn
938 1307 1112 1400 videtum,
1140 1311 1179 1385 U
1197 1337 1265 1384 cre·

195 1409 359 1482 uiderunt.
411 1402 552 1478 Videns
569 1404 663 1476 enirn
678 1399 1015 1482 Thomascredidit.
1064 1405 1145 1495 Sed,
1174 1411 1266 1502 quid

195 1504 368 1595 credidit,
394 1500 546 1596 queris?
573 1499 621 1574 Et
641 1503 725 1596 quid
746 1504 840 1576 aliud
856 1503 1027 1602 credidit,
1054 1527 1155 1600 quam
1172 1531 1262 1601 pro·

193 1603 301 1682 feffus
315 1603 382 1678 estt
412 1607 569 1675 Dominus
583 1627 691 1695 meus,
716 1605 755 1678 U
774 1608 862 1674 Deus
882 1611 987 1676 meus?
1021 1605 1263 1684 Resurrexiffe

195 1706 291 1782 enim
306 1723 371 1800 per
387 1701 421 1777 se
435 1723 481 1776 ex
494 1705 648 1776 mortuis
660 1704 697 1775 in
710 1703 837 1795 vitam,
863 1704 926 1779 nist
940 1705 1001 1779 Dei
1011 1721 1151 1799 natura,
1178 1729 1262 1802 non

193 1807 334 1904 potuit:
369 1803 403 1876 ἃ
431 1803 576 1877 creditae
602 1801 785 1898 religionis
807 1801 897 1878 fides
920 1806 994 1879 hoc
1012 1807 1063 1879 est
1082 1806 1261 1902 professa,

195 1905 295 1999 quod
317 1909 408 1978 neue
433 1901 495 1977 est.
548 1899 658 1977 Anne
684 1922 774 2000 ergo
798 1925 932 1979 nomen
953 1907 1015 1979 Dei
1032 1929 1108 1982 non
1123 1922 1262 1984 naturae

193 2027 252 2081 res
265 2003 534 2085 existimabitur,
560 2023 640 2076 cum
655 2002 825 2098 profeffio
838 2005 993 2078 nominis
1008 2003 1112 2080 iidem
1124 2024 1263 2082 naturae

195 2105 339 2180 credite
361 2105 403 2178 srr
425 2100 570 2177 secuta?
604 2101 701 2178 Nom
727 2103 853 2195 utique
874 2104 1057 2204 religiosus
1075 2104 1188 2201 filius,
1224 2109 1263 2182 δι

194 2207 255 2297 qui
273 2225 349 2278 non
365 2205 593 2277 voluntatem
609 2199 725 2285 suam,
760 2201 817 2278 sed
834 2205 931 2299 ejus,
967 2208 1026 2296 qui
1042 2203 1077 2280 se
1093 2205 1260 2304 miserat,

194 2305 354 2396 faceret,
380 2303 413 2374 δι
435 2302 494 2393 qui
508 2321 584 2375 non
598 2300 776 2375 honorem
798 2302 915 2394 suum,
940 2302 1000 2380 sed
1020 2308 1117 2398 ejus,
1145 2330 1262 2399 aquo

195 2416 367 2493 venerat,
395 2413 590 2493 quereret,
617 2401 797 2475 honorem
811 2404 913 2496 hujus
932 2407 967 2478 in
982 2404 1015 2478 se
1028 2407 1180 2478 nominis
1199 2429 1260 2481 re·
1298 2461 1299 2490 n

195 2501 354 2593 cusaiset,
381 2522 428 2575 ne
443 2501 540 2592 quod
554 2498 627 2592 ipse
640 2522 748 2590 unum
763 2506 873 2575 Deum
890 2506 1159 2598 praedicaveram
1187 2506 1262 2581 soi-

194 2619 354 2679 veretur.
409 2601 479 2674 sei
504 2620 622 2694 verer,
659 2601 694 2673 δι
719 2601 925 2693 apostolicae
942 2600 1024 2678 fidei
1048 2604 1262 2698 mysterium

194 2703 426 2795 confirmans,
454 2701 1262 2802 &naturaeinsepaternaenomenagnoscens,
1298 2743 1299 2786 i

192 2809 321 2880 beatos
341 2801 409 2878 eiie
428 2802 575 2894 docuit,
603 2802 686 2893 qui,
715 2822 795 2876 cum
819 2800 852 2875 se
867 2802 1106 2903 resurgentem
1124 2829 1144 2879 e
1161 2832 1263 2881 mor·

193 2907 263 2978 tuis
287 2926 365 2977 non
398 2898 586 2994 vidissent,
626 2905 738 2977 Deum
755 2917 875 2979 tumen
900 2926 965 2999 per
988 2905 1262 2985 resurreiiionis

191 3005 460 3099 intelligentiam
483 3002 720 3078 credidissent.

269 3125 324 3196 13.
352 3102 500 3174 Nomen
521 3102 628 3196 igitur
644 3117 793 3185 natura,
818 3101 900 3180 fidei
918 3105 1048 3180 nostrae
1065 3129 1140 3180 non
1159 3107 1260 3183 dese·

190 3206 239 3277 rit
265 3200 529 3300 profeffionem.
582 3200 728 3274 Nomen
756 3205 871 3298 enim,
911 3209 1007 3298 quod
1035 3230 1110 3280 rem
1134 3229 1259 3282 unam·

81 3337 85 3343 ·
190 3325 368 3398 quamque
381 3297 566 3398 significat,
580 3321 653 3374 rem
667 3323 812 3394 quoque
824 3305 1262 3401 ejusdemgenerisosten·

194 3405 262 3477 dit:
289 3404 322 3477 ἂ
338 3404 408 3493 jam
426 3423 500 3474 non
518 3422 575 3472 res
587 3403 665 3474 duae
677 3401 778 3492 sunt;
806 3405 863 3479 sed
875 3429 931 3480 res
942 3406 1079 3501 generis
1095 3406 1259 3493 ejusdem

193 3505 253 3578 est.
304 3502 413 3577 Filius
428 3522 582 3610 namque
598 3505 658 3574 Dei
679 3506 771 3576 Deus
786 3505 857 3593 est;
884 3509 956 3579 hoc
972 3503 1064 3575 enirn
1083 3500 1257 3596 fignifica-

192 3617 251 3678 tur
275 3605 495 3677 exnomine.
547 3601 638 3674 Non
654 3603 1258 3680 duoeDeosconnumeratnomen

192 3726 323 3791 unum3
360 3706 441 3794 quia
458 3703 583 3795 unius,
599 3719 719 3794 ¹atque
734 3699 969 3779 indifferentis
989 3717 1123 3775 natum:
1145 3728 1255 3781 unum

192 3808 285 3878 Deus
306 3825 440 3876 nomen
466 3803 527 3876 est.
592 3800 682 3876 Cum
709 3804 971 3879 onim&Pater
994 3808 1085 3876 Deus
1108 3804 1183 3894 est,
1223 3806 1258 3878 δι

189 3904 300 3982 Filius
326 3906 417 3973 Deus
439 3901 512 3995 est,
550 3900 583 3972 ἃ
606 3907 792 3998 proprium
815 3918 950 3979 naturae
969 3904 1100 3977 divinae
1120 3928 1256 3979 nomen

191 4002 478 4092 murmurent,
517 4015 670 4094 uterque
685 4024 795 4079 unum
811 4004 909 4080 sunt:
949 4009 1030 4096 quia
1050 4028 1130 4080 cum
1152 4004 1256 4079 subsr-

192 4106 259 4179 stut
272 4103 382 4178 Filius
396 4123 445 4174 ex
460 4102 652 4174 nativitate
668 4119 816 4195 naturae,
843 4109 1017 4179 unitatem
1033 4123 1150 4180 tamen
1168 4127 1258 4178 con·

188 4204 310 4278 servat
329 4204 544 4278 innomine:
571 4223 640 4274 nee
651 4203 694 4275 ad
708 4205 961 4296 professionem
977 4208 1083 4280 duum
1099 4212 1258 4282 Deorum

171 4304 358 4383 netivrtm
374 4299 458 4382 Frui
482 4302 710 4383 credentium
729 4299 837 4386 fidem
860 4309 981 4406 cogit,
1015 4328 1092 4399 quae
1115 4305 1260 4477 Pergin
