2742 4959
386 515 402 532 0
493 493 504 520 Ι
1167 481 1169 486 V

192 655 286 715 sxiv
531 634 925 730 illiterati

191 801 260 893 dis,
287 796 554 873 &adornandis
571 785 884 898 magnificentiam,
910 800 998 875 alius
1015 804 1261 881 reverentiam

193 942 278 1019 erga
289 917 491 1014 Episcopus
506 920 684 996 laudabat.
734 921 845 995 lllcin
858 920 1139 1013 comprimendis
1152 923 1265 999 haere·

192 1044 303 1136 sibus,
330 1041 389 1126 hic
403 1043 441 1113 iti
455 1039 627 1136 cogendis
639 1039 783 1131 synodis
793 1040 958 1130 studium,
984 1062 1026 1113 ac
1039 1038 1265 1124 sedulitatem

106 1166 111 1175 ‘
191 1160 367 1240 inmedio
383 1162 570 1255 ponebat,
605 1157 798 1254 lpseetiam
811 1159 1056 1254 constantius,
1084 1163 1267 1253 quodsu-

193 1283 285 1361 cisar
300 1279 409 1354 fufius
429 1261 678 1374 presequitur,
716 1301 792 1355 nori
809 1281 922 1358 modo
943 1282 1112 1374 pietatis,
1151 1280 1209 1354 sed
1229 1282 1265 1372 δι

192 1401 367 1479 dostrinae
397 1400 547 1495 gloriam
579 1399 643 1474 sibi
668 1402 870 1497 arrogabat.
922 1399 1113 1475 Condebat
1133 1383 1263 1494 sidem,

192 1524 253 1598 cui
273 1524 316 1595 ab
336 1516 523 1613 Episcopis
536 1518 832 1612 subscriberetur,
859 1522 942 1596 illos
956 1519 1190 1596 lubentillime
1204 1540 1265 1592 au·

190 1642 347 1720 scultans
359 1636 606 1735 assentatores,
632 1644 692 1734 qui
708 1663 789 1717 cum
800 1640 986 1738 Episcopis
998 1642 1147 1716 Arimini
1160 1641 1263 1735 lapsis

189 1761 254 1857 ipsi
276 1756 531 1835 rescriberent:
559 1761 765 1854 „Illustrati
785 1765 929 1856 pietatis
947 1778 1017 1834 tuae
1032 1759 1168 1855 scriptis
1189 1783 1264 1835 ma·

190 1885 305 1959 atinias
323 1877 408 1956 Deo
426 1883 613 1956 retulimus
634 1883 668 1957 u
686 1883 873 1957 referimus
891 1886 1042 1981 gratias,
1076 1884 1173 1973 quod
1191 1903 1263 1955 nos

190 2002 381 2094 beaveris,
417 2003 583 2078 intimans
604 2004 711 2077 nobis
728 2002 807 2096 illa,
847 2024 1024 2096 quaecum
1046 2001 1263 2077 discursione

190 2123 335 2221 pietatis
360 2135 430 2194 tuae
452 2122 572 2198 facere
598 2124 822 2199 deberemus.
835 2123 863 2164 ‘⁶
914 2124 1058 2197 Plurimi
1083 2122 1262 2213 denique,

189 2246 254 2318 ubi
272 2237 471 2346 Constantii
498 2242 778 2338 benignitatem,
815 2244 1049 2337 religionem,
1084 2245 1264 2335 pictatem

190 2358 501 2454 commendarant,
527 2360 725 2455 sumebant,
750 2381 824 2435 non
834 2361 1007 2453 passurum
1017 2362 1115 2436 fuisse
1126 2363 1263 2458 Deum,

190 2502 235 2561 ut
260 2503 324 2559 rex
348 2494 420 2554 tani
443 2481 543 2576 pius,
582 2498 727 2574 tamque
748 2480 933 2578 religiosus
960 2480 1067 2556 iidem
1095 2498 1263 2555 tueretur

189 2626 269 2681 nori
284 2600 429 2693 restam,
456 2622 525 2674 nec
539 2603 660 2676 leveni
674 2624 714 2675 re
736 2600 810 2693 ipsa
830 2603 975 2693 optime
988 2605 1080 2676 illius
1093 2602 1263 2679 sideielle

189 2738 317 2801 uotam
340 2736 447 2814 atque
467 2720 636 2810 studium,
674 2724 919 2797 incredibilem
937 2723 1041 2819 ipsius
1055 2726 1155 2820 regni
1174 2746 1263 2817 pro·

190 2844 406 2941 speritateni.
454 2843 546 2918 Sunt
567 2858 741 2937 preterea
759 2844 869 2918 multa
884 2845 972 2937 alia,
1004 2866 1082 2936 quae
1097 2847 1261 2937 populos

189 2966 312 3039 edistis
330 2964 434 3035 initiis
459 2961 636 3056 suppliciis
656 2967 827 3056 territos,
861 2968 1040 3057 palliatam
1057 2965 1260 3040 Constantii

188 3084 372 3184 perfidiam
397 3098 472 3157 tum
491 3083 761 3176 deprehendere
779 3102 856 3154 non
876 3090 1143 3174 permittebant.

288 3204 411 3277 Rebus
438 3202 485 3278 sic
507 3202 678 3278 stantibus
698 3202 797 3298 vigili
813 3202 947 3296 pastori
965 3226 1041 3276 non
1058 3206 1177 3292 licuit,
1205 3209 1258 3278 lu·

139 3371 150 3390 ι
187 3347 274 3423 puin
294 3327 466 3399 latentem
481 3345 556 3397 non
570 3325 753 3420 detegere,
779 3322 917 3397 hostem
937 3320 1019 3396 fidei
1036 3322 1257 3401 insidiantem

188 3444 396 3520 Christianis
415 3440 637 3518 manifestum
654 3443 877 3519 nonfacere.
931 3441 1043 3516 Certo
1061 3465 1142 3516 cuin
1158 3443 1257 3520 Cori·

186 3563 358 3658 stantius,
392 3565 445 3636 uti
461 3562 694 3637 monstratum
714 3561 785 3656 cst,
811 3563 943 3655 pellem
963 3566 1110 3636 ovinam
1128 3587 1200 3658 pre
1219 3566 1256 3642 se

185 3684 331 3776 ferret,
370 3685 580 3758 &animum
607 3684 792 3777 lupinum,
828 3685 1040 3759 alterutrum
1060 3686 1255 3760 videbatur

187 3808 321 3882 amanti
342 3800 509 3878 Ecclesia
530 3800 667 3897 praesuli
684 3801 879 3877 necessario
901 3804 1157 3902 prestandum,
1193 3825 1255 3882 aut
1297 3872 1299 3889 ,

185 3925 261 4022 ipse
281 3926 447 4000 nimirum
471 3924 699 4019 movendus,
732 3939 773 3997 ut
790 3923 948 4018 supinum
968 3928 1122 4003 animuin
1143 3930 1254 4020 depo·
1295 3911 1299 4049 ¹,

185 4060 310 4139 neret,
345 4061 406 4120 aut
430 4044 646 4125 admonendi
668 4046 815 4139 populi,
850 4064 897 4120 rie
914 4045 1008 4139 ipsos
1025 4051 1119 4142 pelle
1141 4047 1254 4119 ovina

186 4168 383 4263 deciperet.
433 4165 589 4239 Primum
609 4165 719 4260 illud,
750 4167 849 4259 quod
871 4170 1062 4241 moderato
1080 4169 1162 4239 viro
1182 4188 1255 4240 nia·

184 4291 239 4388 gis
267 4288 568 4381 consentaneum,
606 4286 725 4382 primo
756 4288 864 4365 etiam
888 4289 1049 4364 tentaidt
1069 4288 1225 4366 Hilarius
1241 4338 1263 4373 ,,
1295 4357 1299 4407 Ι

934 4425 939 4436 ’
1120 4430 1203 4487 cuin
