2742 4959
175 649 255 780 136
353 673 414 758 '8.
446 643 646 756 Hatram
677 697 737 754 nn
768 672 1052 755 Tarnrrart

178 817 360 937 erit'ipse,
385 837 707 939 ctamgenituasrtl
734 835 1257 940 Sedinhisipfissubfistat'ille,

180 947 245 1040 qui
261 943 403 1041 genitus
419 939 493 1036 est,
528 961 606 1034 qua
623 954 725 1015 totus
743 939 901 1037 ellipse,
927 942 987 1035 qui
1003 941 1144 1039 genuit:
1172 943 1260 1035 quia

178 1065 263 1126 non
279 1043 330 1118 est
345 1041 512 1134 aliunde,
550 1040 650 1135 quod
665 1042 808 1140 genitus
824 1039 885 1118 est„
936 1039 986 1114 Et
1006 1061 1069 1136 per
1085 1041 1158 1116 hoc
1176 1063 1258 1118 non

180 1144 343 1222 refertur
359 1139 526 1232 adalind,
551 1141 651 1234 quod
669 1144 706 1216 in
717 1162 828 1218 unum
844 1141 993 1219 subsistit
1013 1162 1059 1216 ex
1075 1162 1167 1217 uno:
1192 1163 1260 1218 ne·

182 1265 258 1341 que
273 1257 414 1318 novum
431 1241 470 1314 in
486 1241 522 1314 se
538 1238 602 1324 est,
628 1243 728 1336 quod
747 1245 844 1318 vivit
857 1265 903 1318 ex
921 1243 1034 1316 vivo:
1059 1261 1178 1336 neque
1195 1243 1260 1318 ab·

183 1343 239 1422 est
265 1365 285 1416 a
313 1341 369 1426 se,
410 1340 509 1435 quod
535 1341 646 1416 vivus
675 1345 801 1441 genuit
822 1345 860 1417 in
880 1345 1019 1418 vivum.
1070 1341 1198 1419 Aelic
1219 1346 1259 1420 in

184 1444 425 1544 generatione
451 1441 532 1517 Filii
553 1442 767 1518 &naturam
789 1441 884 1518 suam
905 1441 1064 1537 sequitur
1084 1441 1262 1539 incorpo-

182 1545 286 1637 ralia,
313 1558 421 1634 atque
438 1541 703 1619 indemutabilis
723 1543 839 1636 Deua,
865 1543 1133 1638 incorporalem
1147 1557 1259 1636 atque

184 1643 482 1720 indemutabilem
501 1642 619 1717 Deum
635 1641 802 1742 gignens:
828 1665 898 1718 nec
914 1657 1075 1718 naturam
1085 1640 1180 1718 suam
1198 1643 1259 1718 de·

183 1745 273 1822 serit
291 1765 338 1817 ex
356 1744 598 1838 incorporali,
632 1758 741 1838 atque
766 1743 1013 1820 indemutabili
1035 1743 1121 1817 Deo
1138 1745 1260 1817 incor-

180 1839 347 1942 ¹poralis,
376 1856 485 1936 atque
509 1843 775 1919 indemutabilia
793 1844 863 1919 Dei
877 1843 1045 1950 'perfetta
1064 1845 1261 1946 nativitas,

182 1951 185 2046 J
217 1965 257 2024 er
276 1945 351 2020 ltoc
367 1944 495 2036 utique
511 1941 723 2019 subsistentis
741 1966 786 2020 ex
801 1943 888 2019 Deo
904 1941 972 2018 Dei
989 1944 1265 2023 sacramentnm.-

181 1967 580 2220 titillent:
594 2035 1261 2264 lala

259 2202 269 2222 ο
427 2197 438 2237 2
584 2197 596 2237 2
1100 2199 1109 2234 l

188 2247 232 2345 est
259 2249 351 2320 Deus
370 2260 486 2343 prater
503 2273 561 2325 rue.
612 2248 706 2325 Non
728 2243 779 2326 est
792 2233 897 2334 'emin
916 2259 1043 2320 natura
1060 2245 1263 2320 divinitatis

188 2345 274 2440 elia,
301 2359 344 2420 ut
359 2359 490 2441 prater
503 2345 538 2424 se
549 2347 651 2424 Deus
665 2345 846 2446 ullua'lltg'·
879 2345 975 2422 Nam
985 2341 1143 2440 cumipse
1153 2343 1258 2415 Deus

186 2440 255 2539 stt,
281 2458 401 2522 tamen
417 2450 524 2523 etiam
543 2465 607 2544 per
622 2451 759 2524 naturae
775 2443 951 2528 nlrtut'eln
963 2449 1000 2521 in
1019 2469 1065 2522 eo
1080 2441 1177 2517 Deus
1192 2440 1260 2516 est.

189 2541 251 2644 Et
268 2567 334 2641 per
362 2549 433 2642 id,
463 2551 563 2643 quod
591 2552 663 2648 ipse
691 2547 817 2647 Deus}
851 2553 947 2626 &ln
977 2569 1023 2624 eo
1052 2545 1151 2619 Deus
1185 2541 1263 2624 est,

190 2665 271 2725 non
291 2646 341 2723 est
363 2648 464 2724 Deus
480 2663 611 2745 praeter
631 2674 731 2728 eum:
770 2673 852 2728 cum
866 2673 942 2726 non
966 2645 1079 2725 exstet
1095 2644 1263 2736 aliunde,

190 2746 496 2845 quadonoco,
531 2752 565 2826 δι
587 2753 622 2830 in
643 2774 690 2829 eo
716 2753 840 2846 Deus,
872 2751 916 2828 fit
931 2749 1065 2826 habens
1084 2746 1122 2821 in
1140 2744 1197 2839 se,
1226 2742 1266 2817 (x

189 2848 292 2943 quod
308 2849 381 2944 ipse
403 2849 476 2944 est,
505 2854 605 2944 &err
625 2876 700 2948 quo
721 2855 793 2950 ipse
809 2849 968 2929 subsistit.

270 2957 328 3042 38.
356 2949 559 3030 Confirmat
575 2970 697 3030 autern
710 2953 793 3030 fidei
809 2953 940 3029 nostrae
956 2971 1095 3044 veram,
1124 2946 1157 3020 δι
1174 2941 1265 3020 salu-

188 3059 304 3122 tarr-
329 3071 370 3140 τ’
391 3051 586 3148 ιΐείῐῐοῐιεῐηΙ
604 3055 697 3130 idem
722 3071 829 3148 atque
844 3075 937 3128 unus
953 3056 990 3127 in
1009 3051 1167 3146 plurimis
1185 3045 1265 3138 Spi-

188 3149 283 3223 ritn„
305 3147 528 3246 prophetiae,
553 3169 618 3248 pet
635 3154 887 3246 sticceffiones,
916 3151 1161 3226 &intervalla
1174 3162 1266 3248 tenr-

188 3267 324 3344 porum
350 3271 426 3324 non
452 3253 639 3329 demutent
655 3251 828 3350 religiosa
848 3251 1019 3328 doetrtnae
1040 3247 1267 3343 pradicatio·

187 3366 285 3424 nem.
340 3348 395 3422 Ut
407 3353 501 3426 enim
517 3375 582 3448 per
598 3353 768 3445 Moysem
781 3376 826 3428 ex
837 3349 989 3447 persona
1004 3347 1176 3444 unigeniti
1190 3343 1265 3413 Dei

189 3445 306 3541 dieta,
332 3453 499 3546 pleniore
515 3455 558 3528 ad
576 3453 846 3550 intelligendum
861 3449 1160 3526 confirmarentur
1176 3460 1267 3554 pro·

187 3546 307 3626 felin:
341 3549 478 3629 rursum
504 3552 669 3628 sermone
699 3552 769 3627 Dei
795 3554 905 3647 patris
928 3572 974 3624 ex
996 3541 1149 3642 persona
1164 3559 1269 3655 varo·

187 3665 272 3722 rum
292 3650 516 3729 excelsorum
537 3653 630 3729 idem
647 3653 853 3748 prophetia
870 3650 1022 3750 Spiritus
1045 3664 1109 3739 per
1126 3638 1266 3716 Esaiam

187 3749 375 3842 loquitur:
411 3759 575 3846 Quoniam
598 3758 636 3824 in
656 3754 741 3853 teefl
765 3759 872 3840 neus,
905 3743 1026 3826 &non
1044 3745 1082 3845 eft
1098 3760 1212 3841 prater
1232 3753 1268 3812 le

188 3851 295 3928 neus.
352 3853 405 3924 Tu
425 3859 511 3924 enim
531 3878 563 3924 es
587 3859 696 3942 Deus,
732 3853 771 3930 (5
788 3851 1016 3943 nesciebamus,
1060 3853 1148 3919 Deua
1167 3841 1267 3932 lsrael

184 3950 347 4045 salvator.
398 3949 549 4028 Exierat
575 3951 610 4027 se
634 3956 671 4029 in
694 3954 788 4030 hane
813 3955 847 4029 ἃ
869 3963 1029 4042 naturae,
1057 3942 1268 4022 &nominis

182 4049 459 4146 'inseparabilem
477 4054 731 4147 proleffionem
748 4054 929 4128 heretica
939 4048 1132 4147 impietatis
1146 4040 1269 4132 despe-

188 4166 290 4225 ratus
312 4151 436 4227 furor:
461 4152 613 4246 abac,
632 4155 663 4227 vsi
680 4153 825 4247 potest,
852 4150 953 4227 ditiis
968 4173 1010 4224 ac
1029 4151 1136 4223 rebus
1151 4143 1268 4234 unita,

178 4251 319 4330 ‚rabido
336 4251 486 4327 vesanie
501 4252 569 4327 suae
583 4274 648 4328 ore
664 4270 875 4350 concerpat.
930 4252 971 4328 ln
992 4249 1078 4325 Deo
1088 4246 1187 4320 Deus
1201 4238 1269 4334 est,

173 4348 369 4448 &Pater
382 4375 468 4437 eum
483 4353 593 4438 Deus
607 4375 686 4436 non
701 4354 779 4478 eit,¹
799 4353 969 4435 dissolvat
979 4371 1076 4443 eum,
1102 4345 1161 4440 qui
1177 4341 1268 4514 igit
