2742 4959
129 184 1299 494 u

817 243 820 250 ι

80 559 84 566 ι
764 548 768 560 Ι

204 729 252 814 go
403 703 441 783 S.
472 704 665 781 Hirann
696 721 755 776 na
786 697 1061 778 annrrn‘ra

280 888 337 962 37.
362 863 446 964 Ego
464 863 607 957 quidem
619 863 695 939 hoc
710 863 772 939 vel
783 863 1003 958 praecipuum
1013 866 1099 939 vitae
1111 866 1273 944 meaeos·

202 969 324 1048 ficium
342 969 475 1044 debere
490 987 548 1039 me
560 964 640 1058 tibi,
666 964 771 1039 Pater
786 963 1019 1058 omnipotens
1035 963 1152 1060 Deus,
1179 989 1273 1044 con·

203 1072 294 1148 scius
312 1066 409 1161 sum,
435 1080 475 1137 ut
491 1079 529 1137 te
545 1056 795 1140 onnis'serno
809 1083 933 1155 meus,
960 1061 1123 1138 &sensus
1142 1067 1269 1164 loqua-

194 1189 275 1247 tur.
334 1167 467 1259 Neque
493 1165 587 1238 enim
610 1165 722 1237 ullum
748 1162 843 1237 aliud
863 1164 1182 1259 majuspramium
1208 1169 1268 1245 hic

200 1271 275 1370 ipse
290 1267 369 1343 usus
383 1265 469 1342 mihi
486 1287 507 1337 a
525 1276 564 1338 te
580 1261 768 1337 concessus
784 1264 956 1356 loquendi
976 1264 1096 1360 potest
1107 1266 1268 1368 referre,

203 1392 309 1467 quam
325 1379 368 1442 ut
385 1364 614 1461 predicando
630 1378 668 1437 te
686 1364 750 1437 tibi
766 1361 920 1459 serviat,
945 1378 1077 1462 teque,
1103 1367 1203 1459 quod
1214 1389 1267 1466 ea,

201 1487 362 1568 patrem,
389 1481 527 1560 patrem
541 1463 676 1539 scilicet
697 1463 872 1562 unigeniti
889 1463 983 1557 Dei,
1010 1483 1072 1540 aut
1085 1467 1267 1563 ignoranti

202 1571 347 1650 saeculo,
373 1581 434 1640 aut
447 1565 592 1663 neganti
607 1565 778 1639 haeretico
797 1562 1029 1638 demonstret.
1080 1564 1130 1639 Et
1139 1568 1176 1642 in
1192 1569 1266 1644 hoc

203 1669 347 1765 quidem
363 1681 501 1740 tantum
513 1665 714 1739 voluntatis
729 1685 816 1738 meae
828 1664 997 1756 professio
1008 1664 1078 1739 est:
1104 1683 1266 1744 ceterum

202 1768 324 1846 auxilii
349 1766 384 1840 dt
406 1763 656 1841 misericordiae
679 1779 748 1836 tuae
773 1784 902 1839 munus
929 1765 1104 1841 orandum
1123 1766 1194 1862 est,
1224 1784 1266 1844 ut

202 1865 349 1944 extensa
378 1866 444 1940 tibi
466 1862 550 1938 fidei
575 1864 706 1940 nostrae
732 1863 1033 1958 confessionisque
1063 1867 1144 1941 vela
1176 1868 1265 1943 flatu

201 1971 354 2066 Spiritus
369 1968 421 2039 tui
438 1965 600 2060 impleas,
626 1985 767 2057 nosque
787 1963 833 2037 in*
842 1962 980 2039 cursum
1001 1967 1264 2058 praedicationis

200 2071 299 2146 snitae
316 2068 509 2164 propellas.
562 2065 652 2139 Non
667 2065 760 2138 enim
775 2065 881 2138 nobis
896 2061 1049 2138 infidelis
1066 2064 1264 2161 sponsionis

201 2170 300 2246 istius
320 2165 444 2243 auctor
461 2164 524 2255 est,
551 2167 689 2241 dicens:
719 2167 831 2251 Perire,
859 2163 898 2241 U
907 2169 1158 2254 dabiturvobi53
1205 2193 1264 2242 u·

203 2277 284 2355 rite,
320 2269 358 2343 (ὅ
387 2269 584 2352 ἑπνωίηὶες
613 2266 752 2366 pulsate,
788 2265 827 2342 U
843 2271 1005 2363 aperietur
1020 2267 1120 2343 vobis.
1220 2290 1264 2344 os

202 2369 344 2463 quidem
362 2365 490 2459 inopes
508 2385 570 2457 ea,
605 2365 733 2456 quibus
748 2385 912 2462 egemus,
946 2369 1193 2463 precabimur,
1227 2369 1263 2442 ἀ

200 2471 239 2543 in
260 2464 454 2541 scrutandis
472 2463 732 2557 Prophetarum
755 2477 903 2539 tuorum
926 2466 1264 2562 Apostolorumque

202 2567 301 2644 diens
321 2565 470 2640 studium
480 2565 653 2660 pervicax
666 2562 870 2658 afferemus,
899 2565 931 2637 dr
952 2589 1076 2640 omnes
1089 2568 1263 2643 obserata

199 2663 443 2766 intelligentia
461 2665 576 2739 aditus
594 2662 826 2758 pulsabimusr
851 2663 910 2737 sed
926 2680 1028 2740 tuum
1045 2666 1113 2757 est,
1141 2669 1263 2743 &ora-

77 2853 79 2866 .
199 2786 277 2844 tum
296 2770 470 2860 tribuere,
497 2765 728 2859 &quaesitum
740 2763 867 2856 adesse,
897 2766 1062 2861 &patere
1072 2769 1262 2864 pulsatum,

198 2871 405 2964 Torpemus
421 2867 516 2942 enim
530 2867 684 2960 quodam
696 2879 831 2939 naturas
842 2864 971 2937 nostrae
984 2869 1086 2959 pigro
1099 2868 1262 2964 stupore,

200 2971 292 3045 &ad
306 2989 363 3040 res
384 2984 463 3039 tuas
478 2967 726 3063 intelligendas
749 2968 840 3040 intra
858 2968 1067 3061 ignorantie
1083 2971 1264 3045 necessita·

199 3083 273 3144 tem
299 3066 430 3164 ingenii
453 3063 565 3137 nostri
586 3067 830 3139 imbecillitate
849 3066 1075 3141 cohibemur:
1115 3066 1172 3142 sed
1198 3070 1263 3144 do·

198 3167 318 3243 &rina
344 3181 414 3239 tuae
433 3161 545 3237 studia
566 3164 608 3236 ad
634 3161 768 3237 sensum
790 3186 859 3237 nos
887 3166 1016 3240 divinae
1041 3170 1261 3286 cognitionis

196 3267 406 3348 instituunt,
431 3262 465 3336 dr
486 3266 581 3337 ultra
595 3266 792 3338 naturalem
808 3264 1019 3358 opinionem
1035 3265 1119 3342 fide-1
1135 3269 1263 3344 obedi·

196 3364 492 3462 cntiaptovehit.

276 3475 333 3560 38.
358 3461 610 3559 Exspatiamus
632 3485 720 3640 ergo
743 3478 786 3537 ut
800 3466 929 3561 trepidi
951 3467 1055 3560 hujus
1072 3467 1178 3562 coepti
1197 3489 1261 3543 ex·

197 3566 301 3640 ordia
319 3567 467 3660 incites,
500 3565 535 3638 δι
558 3565 665 3659 prose
701 3566 968 3643 uaccrescente
985 3565 1197 3663 confirmes,
1226 3569 1262 3643 ἀ

197 3665 242 3740 ad
266 3663 489 3741 consortium
512 3667 572 3740 vel
592 3668 815 3763 prophetalis
834 3671 897 3743 vel
913 3668 1101 3760 apostolici
1119 3667 1260 3763 spiritus

194 3785 331 3840 voces:
367 3778 409 3839 ut
434 3765 524 3840 dista
547 3787 673 3841 eorum
699 3788 777 3840 non
800 3771 896 3851 alio,
934 3790 1038 3859 quam
1061 3770 1122 3863 ipsr
1144 3769 1260 3842 locuti

193 3863 297 3960 sunt,
327 3864 429 3939 sensu
446 3866 775 3960 apprehendamus,
807 3876 1079 3957 verborumque
1096 3870 1260 3963 proprie·

194 3978 289 4041 tates
299 3964 423 4038 iisdem
437 3985 555 4040 rerum
570 3964 889 4063 significationibus
900 3968 1143 4060 exsequamur.
1185 3967 1260 4041 Lo·

194 4066 314 4142 cuturi
332 4065 427 4140 enim
446 4062 582 4157 sumus,
615 4087 693 4158 quae
716 4068 759 4138 ab
779 4067 820 4139 iis
842 4070 879 4141 in
896 4067 1118 4142 sacramento
1136 4068 1261 4162 praedi·

194 4181 275 4242 cata
293 4161 393 4256 sunt,
428 4177 465 4238 te
484 4180 656 4239 aeternum
671 4165 812 4259 Deum,
845 4172 968 4242 aeterni
988 4169 1162 4267 unigeniti
1185 4167 1261 4243 Dei

189 4284 349 4360 patrem:
377 4264 538 4339 &unum
556 4278 593 4335 te
607 4264 679 4338 srne
705 4267 911 4361 nativitate,
939 4270 1104 4343 &unum
1130 4268 1262 4341 Domi-

190 4387 276 4446 num
296 4365 415 4466 Jesun
442 4361 617 4442 Christum
640 4386 685 4441 ex
709 4376 747 4439 te
769 4369 969 4452 nativitatis
989 4382 1151 4465 aterna,
1172 4388 1260 4481 ,non

1168 4486 1210 4545 ln
