2742 4959
360 607 373 624 ⁸
1320 589 1325 594 Ι
1935 629 1940 634 .

502 641 507 652 ι

1088 641 1339 776 ιιιιι
1387 629 1528 774 tn
1624 689 1766 774 XI.
2147 791 2158 802 ·
2363 713 2510 793 373

359 858 672 936 defuerit
721 859 847 934 vel
884 855 1102 933 Deus
1157 858 1341 954 effe,
1408 858 1533 932 vel
1573 854 1787 933 filius.
1965 856 2038 930 ui
2067 856 2284 954 igitur
2319 858 2504 934 alter

356 958 759 1053 Christum,
810 976 1020 1052 quam
1051 956 1200 1053 est,
1252 958 1710 1054 praedicabit,
1759 951 1833 1030 id
1868 977 1912 1030 e
1986 1010 2013 1051 ‚
2063 979 2204 1032 nec
2231 954 2497 1054 filium,

352 1082 493 1136 nec
522 1059 761 1134 Deum
793 1055 963 1152 effe,
1016 1060 1229 1134 alium
1260 1057 1616 1135 Christum
1651 1054 2092 1152 praedicabit.
2195 1055 2333 1132 Sed
2356 1077 2498 1133 nec

351 1162 429 1234 in
470 1160 687 1234 unius
723 1158 1054 1252 baptismi
1096 1155 1237 1232 fide
1284 1179 1427 1233 una
1468 1156 1638 1236 estt,
1676 1159 1836 1250 quia
1868 1155 2251 1230 secundum
2287 1155 2498 1251 Apo·

351 1258 673 1335 stolicam
715 1256 1106 1333 doetrinam
1143 1259 1295 1351 eJ'us
1336 1259 1546 1331 unius
1585 1256 1913 1352 baptismi
1947 1253 2121 1329 fides
2158 1278 2300 1329 una
2344 1257 2490 1351 est,

352 1359 557 1536 {ujus
582 1377 769 1436 unua
792 1355 1155 1435 Dominus
1190 1358 1259 1432 δι
1288 1357 1432 1432 Dei
1464 1357 1547 1432 fit
1576 1354 1762 1430 filius
1793 1352 2138 1450 Christus,
2194 1357 2259 1430 &
2281 1357 2492 1432 Deus

409 1473 461 1535 t.
2581 1523 2590 1534 .

502 1577 567 1652 3.
615 1554 799 1630 Non
834 1558 1025 1632 enim
1072 1553 1317 1656 negari
1343 1556 1488 1650 jam
1521 1553 1838 1630 Christus
1866 1607 1890 1643 ,
1959 1556 2141 1649 quin·
2167 1553 2487 1629 Christus

348 1655 464 1750 fit,
513 1655 756 1750 potest
783 1679 1019 1750 neque
1035 1657 1310 1732 mundo
1328 1657 1744 1753 ignorabilis
1763 1653 1969 1730 effici.
2072 1655 2289 1738 Hunc
2312 1675 2487 1749 pro-

318 1757 614 1852 -phetiae
651 1757 1019 1831 volumina
1051 1758 1518 1856 consignant,
1568 1756 1764 1830 hunc
1804 1772 2210 1852 temporum
2247 1755 2490 1845 quoti-o

344 1857 463 1929 die
480 1852 868 1946 proficiens
883 1857 1259 1951 plenitudo
1280 1853 1607 1949 testatur,
1659 1856 1852 1930 hunc
1867 1854 2389 1948 Apostolorum
2407 1854 2480 1928 δι

347 1955 759 2045 Martyrum
793 1975 923 2051 per
955 1960 1308 2033 virtutum
1331 1957 1796 2051 operationes
1829 1956 2226 2046 loquuntur
2254 1953 2483 2047 sepul·

347 2072 499 2145 cra,
550 2054 743 2129 hunc
776 2054 1094 2150 potestas
1130 2056 1444 2131 nominis
1465 2053 1563 2129 sui
1581 2056 1873 2150 probat,
1923 2054 2116 2128 hunc
2136 2054 2478 2127 immundi

345 2152 631 2244 spiritus
670 2153 1165 2249 confitentur,
1227 2157 1424 2229 hunc
1458 2154 1874 2249 punitorum
1912 2153 2312 2228 daemonum
2369 2173 2481 2224 re-

345 2249 606 2326 sonant
629 2269 749 2328 mu
796 2257 961 2331 itus.
1062 2252 1206 2331 sed
1241 2256 1318 2329 in
1349 2254 1459 2328 his
1490 2254 1822 2329 omnibus
1850 2253 2144 2327 virtutis
2185 2251 2319 2325 suoe
2350 2249 2482 2325 dis·

343 2348 671 2447 pensatio
712 2275 841 2430 eit.
939 2352 1295 2429 Caeterum
1334 2350 1480 2429 fide
1517 2352 1759 2428 nostra
1786 2353 1946 2427 talis
1970 2406 1996 2447 ‚
2062 2353 2285 2444 qualis
2324 2350 2476 2446 est,

342 2452 833 2546 predicandus
890 2452 1037 2544 est;
1100 2469 1186 2528 ut
1232 2474 1389 2529 non
1429 2455 1772 2547 nomine,
1840 2449 1958 2528 sed
1995 2452 2478 2542 confeffione‚

340 2553 419 2625 in
452 2552 661 2627 unius
691 2555 781 2628 ba
836 2556 1025 2630 tismi
1052 2553 1201 2630 fide
1230 2575 1417 2650 una,
1484 2574 1670 2629 unus
1703 2553 1916 2628 nobis
1953 2551 2313 2626 Dominus
2355 2551 2475 2625 fit:

342 2652 509 2745 quia
538 2653 699 2825 seed:
802 2653 923 2732 um'
948 2675 1173 2731 unum
1201 2652 1600 2730 Dominum
1634 2650 2017 2746 Christum,
2061 2672 2246 2726 unus
2265 2651 2474 2724 Deus

340 2766 549 2848 pater
581 2774 621 2826 e
686 2807 707 2830 .
890 2833 897 2844 ,

432 2897 451 2910 -
488 2872 563 2944 4.
614 2849 757 2925 Sed
792 2871 988 2925 nunc
1023 2851 1143 2928 hic
1178 2853 1363 2926 novi
1393 2849 1648 2926 Christi
1678 2849 2231 2943 praedicatores,
2301 2868 2477 2920 cun·

341 2945 456 3023 &a
480 2949 843 3047 negando,
896 2970 1053 3042 quae
1081 2947 1338 3024 Christi
1370 2949 1560 3044 sunt,
1611 2951 1823 3024 alium
1841 2947 2238 3023 Dominum
2266 2947 2475 3021 Chri·

340 3046 566 3143 stum,
617 3049 823 3123 sicuti
858 3051 1073 3124 alium
1105 3049 1344 3124 Deum
1372 3062 1648 3145 patrem
1683 3049 2105 3143 praedicant:
2156 3048 2320 3139 quia
2346 3067 2474 3120 ne-

340 3169 485 3237 que
529 3150 647 3224 hic
673 3151 1030 3246 genuerit,
1082 3148 1639 3240 sed-creaverit;
1690 3168 1927 3242 neque
1961 3149 2080 3222 ille
2114 3163 2320 3222 natus
2353 3148 2478 3240 fit,-

338 3247 460 3322 sed
500 3264 785 3323 creatus
814 3249 937 3335 fit,
990 3249 1058 3322 &
1101 3271 1230 3344 per
1272 3250 1343 3324 id
1379 3265 1584 3325 extra
1615 3251 1996 3324 veritatem
2037 3247 2233 3321 Deus
2267 3247 2471 3321 Chri·

335 3346 485 3424 stus
510 3347 643 3441 fit,
699 3350 815 3422 cui
840 3369 991 3423 non
1025 3350 1110 3424 fit
1136 3370 1225 3425 ex
1256 3351 1684 3442 nativitate,
1737 3348 1936 3442 quod
1969 3347 2169 3421 Deus
2202 3347 2340 3434 est3
2398 3346 2470 3419 δι
2571 3418 2582 3428 ,

334 3463 545 3523 extra
577 3446 745 3523 fidei
780 3449 1289 3525 conscientiam
1313 3448 1516 3525 Deus
1549 3464 1754 3547 pater
1776 3450 1898 3543 fit,
1952 3450 2064 3521 cui
2099 3470 2251 3520 non
2289 3448 2372 3519 fit
2392 3448 2470 3521 in

338 3552 811 3645 generatione
828 3603 853 3644 ,
902 3551 1100 3644 quod
1126 3563 1331 3645 pater
1353 3550 1478 3627 est.
1577 3549 1986 3624 Laudantes
2016 3548 2297 3640 quidem
2322 3568 2472 3622 mes

333 3649 487 3720 rito
517 3649 666 3741 ita,
713 3662 798 3723 ut
824 3650 1111 3747 dignum
1144 3649 1287 3745 est,
1340 3648 1579 3725 Deum
1611 3663 1930 3744 patrem,
1983 3659 2254 3720 natm-ze
2283 3644 2466 3720 scili-

337 3759 465 3820 cet
495 3768 659 3822 eum
693 3747 833 3822 esse
876 3746 1283 3844 inaccess‘ae,
1334 3746 1940 3842 inconspicabilis,
1990 3746 2465 3838 inviolabilis,

334 3847 864 3942 inenarrabilis,
914 3846 1241 3942 infinitas,
1292 3848 1650 3943 providae,
1701 3849 2055 3941 potentis,
2108 3848 2459 3942 benignae,

334 3947 667 4042 mobilis,
718 3950 1311 4041 transcurrentis,
1363 3947 1715 4024 manentis
1748 3948 1938 4022 intra
1964 3962 2341 4037 extraque,
2395 3944 2468 4018 δε

337 4047 666 4121 omniain
684 4050 1017 4123 omnibus
1043 4046 1435 4123 sentientis:
1452 4045 1569 4123 sed
1587 4068 1749 4123 cum
1765 4045 2106 4140 adjiciunt
2123 4048 2206 4118 ad
2232 4044 2348 4138 sup
2358 4064 2466 4118 er-

333 4148 793 4222 eminentiam
832 4150 1101 4245 laudis‚
1151 4145 1380 4224 solum
1414 4150 1732 4242 bonum,
1781 4145 2010 4222 solum
2042 4160 2463 4240 potentem,

333 4244 563 4324 solum
596 4249 1114 4343 immortalem,
1177 4243 1335 4341 quis
1373 4269 1529 4323 non
1556 4248 1742 4322 hanc
1772 4247 2196 4344 religionem
2228 4242 2467 4318 lauda-

337 4348 561 4424 tionis
602 4348 956 4451 intelligat
981 4367 1075 4426 eo
1114 4349 1462 4524 tendfire,
1511 4362 1599 4424 ut
1623 4346 1982 4426 Dominus
2020 4341 2467 4525 Jesusstchri·

1375 4461 1415 4524 a
1461 4470 1517 4543 4
2282 4465 2367 4523 us
