2742 4959
190 667 286 730 rc..
523 639 562 722 8.
611 643 927 726 lirnnrr

191 808 273 912 „ln
284 805 443 888 nonni
459 801 607 904 inperii
622 808 780 908 negotiis
796 811 897 905 quiec
908 809 1084 908 carpium,
1108 809 1192 890 Rex
1204 833 1281 912 en„

192 935 303 1034 gitur,
327 924 643 1030 Printinrnservet,
667 927 841 1028 Episcopi
855 931 1146 1010 circumcursant.
1157 938 1184 978 “
1194 935 1265 1014 dcc.

194 1051 297 1158 Quid
321 1069 435 1148 porro
455 1047 521 1125 fibi
542 1051 647 1148 vuit,
691 1051 792 1144 quod
818 1052 929 1148 penio
951 1069 1037 1130 ente
1060 1057 1268 1149 premittite

193 1173 341 1275 „Opus
354 1182 463 1247 tento
478 1187 607 1268 greve:
630 1171 815 1268 locorum,
840 1173 1266 1274 inquiburgestnreeest,

192 1315 337 1403 norqne
360 1292 527 1390 arimin,
561 1290 814 1386 desperatione
840 1291 1139 1392 peregrinante
1172 1299 1266 1399 Quis

193 1421 257 1498 ille
274 1418 395 1508 iocur,
419 1413 458 1488 in
476 1431 551 1508 quo
568 1409 737 1489 Ursrcius
755 1435 798 1489 ac
819 1414 969 1509 Veiens,
994 1430 1037 1518 nt
1058 1413 1143 1492 fidei
1159 1413 1267 1513 perfi-

193 1541 253 1618 dia
266 1533 501 1614 neminen·
516 1533 769 1630 preponeret,
795 1533 1005 1632 effecerint,
1030 1538 1094 1614 nisi
1109 1539 1194 1614 urbs
1209 1560 1266 1614 re·

193 1659 267 1760 gie,
292 1653 573 1751 &Imperatoris
590 1651 813 1732 comitaturi
839 1656 931 1757 Que
946 1647 1035 1735 it'em
1047 1661 1132 1736 incr
1144 1657 1267 1755 despe-

194 1793 294 1875 rate,
323 1774 388 1852 nist
412 1773 570 1870 Oriens,
589 1777 705 1880 „cujor
728 1776 854 1852 decern
874 1775 1019 1856 Afirner
1035 1781 1269 1875 provinciae,

193 1898 320 2001 pentir
337 1915 422 1973 cum
434 1895 580 1974 eterno
594 1897 772 1991 exeeptis,
797 1916 891 1973 vere
907 1897 1027 1974 Deum
1041 1899 1177 1980 nescire
1191 1901 1267 1998 iem

193 2023 292 2102 libro
313 2018 360 2094 de
380 2016 528 2111 synodie
547 2013 582 2115 9.
604 2019 664 2111 ⁶3·
685 2015 914 2096 andivimus?
948 2017 1150 2115 Propterea
1164 2044 1267 2119 pere·

193 2144 335 2242 {tinum
347 2135 401 2211 est
417 2157 526 2234 opus,
552 2139 635 2232 qnia
654 2157 738 2213 cum
755 2137 913 2214 Hilarior
931 2137 1268 2238 Constantinopoli,

195 2265 235 2338 in
260 2277 331 2352 qne
348 2255 535 2350 versetur,
559 2271 672 2351 atquc
691 2259 1029 2351 circumjacentibus
1055 2263 1266 2361 regionibue

192 2373 375 2480 proficere
398 2374 434 2449 se
450 2373 552 2470 posse
565 2375 751 2473 desperet,
776 2374 824 2453 nd
839 2377 1082 2457 Occidentem
1101 2378 1189 2456 illud
1206 2379 1267 2456 dc·

192 2501 324 2591 stiunt,
347 2497 446 2571 unde
463 2494 575 2575 abest„
623 2493 715 2573 Eam
734 2499 830 2576 enim
845 2501 951 2576 verbi
968 2506 1172 2599 peregrinum
1188 2502 1267 2580 vim

195 2622 289 2716 esse,
313 2621 429 2712 liquet
439 2617 553 2695 exirit
567 2620 631 2697 lib.
645 2619 692 2693 de
703 2617 848 2715 synodis
864 2626 899 2716 §.
916 2624 996 2712 65.:
1022 2623 1151 2719 „Non
1163 2643 1268 2721 pere-

193 2745 297 2844 grine
314 2743 471 2835 loquor,
496 2759 617 2834 neque
632 2739 803 2838 ignorate
818 2740 960 2834 scrib03
986 2745 1109 2822 audivi
1128 2742 1266 2819 revidi

193 2864 287 2940 vitia
306 2859 591 2957 presentiun:“
625 2882 707 2937 cum
723 2862 774 2937 ibi
788 2864 977 2962 peregrine
995 2863 1180 2940 manifeste
1200 2884 1269 2960 np-

191 2997 379 3084 ponentur
390 2976 634 3075 presentibus.
683 2981 773 3056 Hoc
787 2985 895 3080 igitur
908 2984 1053 3060 adorsus
1067 3006 1165 3060 enno
1181 2961 1266 3078 360⁸.

193 3095 954 3193 crrmrdhnccnnstnntinopoliversnetun
977 3108 1139 3200 ncprius,
1159 3123 1267 3197 quarn

193 3236 326 3302 centra
341 3217 591 3296 Constantium
605 3215 792 3312 scriberet,
817 3219 944 3317 poster
957 3225 993 3298 in
1013 3225 1089 3302 dier
1104 3225 1265 3320 ednuxit,

193 3345 251 3422 nti
268 3340 379 3421 fidem
400 3338 540 3414 iaciunt
558 3337 834 3437 fragmenraxt.
849 3338 928 3419 ΧΗ.
950 3342 1019 3419 dte.

501 3452 681 3536 Tradimus
699 3460 795 3558 [uper
816 3461 962 3555 Psoims.

289 3583 411 3662 Libris
426 3579 661 3659 deTrinitete
674 3580 897 3675 posteriorer
906 3583 1120 3662 suntHilrrii
1129 3585 1168 3660 in
1177 3581 1266 3680 psal·

191 3727 275 3788 ntor
296 3704 563 3803 expositiones,
596 3700 728 3778 &non
747 3703 967 3783 mediocrem
988 3706 1058 3781 iliis
1073 3708 1193 3785 iucem
1214 3707 1281 3783 ts·-

193 3831 339 3924 ferunt‚
372 3847 454 3902 cum
469 3822 630 3901 difficiles
646 3824 725 3916 ejus
741 3822 923 3903 sententie
936 3828 974 3902 in
994 3827 1049 3902 his
1069 3841 1132 3902 ent
1151 3849 1263 3904 enun-

192 3952 331 4030 tientur
345 3949 508 4045 plenius,
533 3958 596 4021 eut
608 3944 849 4040 rpertiorinur
865 3948 1186 4027 intermisceantur.

195 4137 200 4148 .
292 4067 353 4149 Ex
366 4071 441 4146 hoc
455 4067 577 4163 capite
589 4063 750 4142 Meurini
764 4065 924 4166 editores
937 4072 1184 4148 recensionem
1198 4066 1264 4142 Hi·

191 4191 273 4272 lorii
295 4211 450 4289 opernm
462 4189 508 4265 ab
524 4185 581 4265 hit
600 4185 886 4284 expoitionibur
901 4187 982 4267 sunt
998 4190 1166 4285 auspicati
1186 4186 1261 4284 spe·

80 4351 87 4362 ·
189 4329 339 4413 rrntct,
370 4313 480 4412 sote,
512 4307 627 4426 uted
642 4305 872 4392 obsonriorec
888 4313 934 4394 de
945 4311 1127 4391 Trinime
1148 4310 1262 4386 libror

1110 4431 1217 4508 intel·
