2742 4959
191 697 265 753 212
395 671 431 751 S.
462 671 657 750 Hru'nnrr
686 687 747 746 na
777 665 1055 748 antorrann

266 857 325 933 33.
351 833 443 911 Non
466 835 638 946 infertam
657 845 720 908 aut
735 832 876 908 dubiam
896 831 1078 909 Dominus
1098 835 1192 912 taritl
1212 834 1266 917 su

121 937 127 956 '
193 938 368 1016 momenti
386 933 583 1011 doctrinam
599 935 765 1027 reliquit,
798 955 867 1008 nec
880 953 950 1009 nos
966 935 1003 1007 in
1020 933 1193 1035 ambigere
1212 942 1266 1016 in·

191 1037 401 1136 telligentiae
414 1032 570 1109 deseruit
584 1054 723 1115 errore.
773 1031 823 1107 Et
832 1036 1012 1108 audiamus
1024 1057 1104 1111 eum
1116 1059 1264 1117 omnen..

191 1127 279 1218 fidei
304 1139 408 1232 hujus
434 1135 684 1233 cognitionem
710 1131 897 1228 Apostolis
926 1138 1173 1212 revelantem:
1213 1141 1264 1216 ait

192 1238 307 1316 enim:
343 1238 408 1331 Ego
416 1235 487 1327 fient
503 1239 582 1328 vio,
606 1233 647 1314 θ’
660 1239 807 1330 veritos,
831 1233 871 1312 U
885 1240 979 1310 vito:
1004 1259 1093 1309 nemo
1109 1244 1208 1311 venir
1221 1241 1263 1316 od

195 1342 336 1422 Patrem,
361 1335 425 1432 nist
432 1355 489 1433 per
501 1359 560 1413 mo.
611 1338 653 1407 Si
664 1336 754 1421 [ciris
770 1358 828 1422 me,
853 1343 893 1413 σ
904 1351 1028 1434 patrem
1043 1340 1261 1428 meemlcirise

192 1441 233 1519 U
253 1436 357 1510 amodo
363 1439 475 1528 scietis
487 1457 577 1523 mm,
608 1433 648 1513 U
662 1434 786 1532 vidistis
802 1460 884 1512 eam.
935 1440 994 1509 An
1008 1440 1056 1507 illi
1076 1440 1261 1537 Philippense

194 1542 353 1627 Μία,
376 1535 495 1635 oflmla
509 1533 600 1607 nolis
617 1538 758 1624 Patrem,
785 1533 956 1626 &suffim
975 1540 1074 1609 nobis.
1127 1541 1264 1613 Dicitea'

195 1639 310 1742 Joses:
346 1639 455 1711 ‘Ionio
477 1651 612 1733 tempore
631 1636 793 1709 vobiscum
809 1635 902 1727 stam,
934 1635 973 1713 (ὅ
994 1664 1060 1708 non
1080 1640 1171 1737 nollit
1188 1635 1261 1716 nei

195 1741 359 1835 Philippa,
383 1743 441 1837 qui
457 1738 614 1826 uiditme,
638 1737 725 1808 vidit
743 1734 782 1812 o
800 1739 934 1809 Patrem.
990 1740 1148 1833 Quomodo
1166 1743 1262 1814 trodi-

191 1846 256 1931 eia,
280 1838 399 1935 ostende
415 1834 504 1924 troiia
520 1832 676 1910 Patrem?
703 1837 783 1912 Non
798 1838 896 1908 credis
911 1837 1015 1931 mihi,
1041 1846 1191 1936 quoniam
1211 1866 1261 1938 ego

193 1947 234 2014 in
256 1943 370 2020 Patre,
395 1935 436 2016 θ
455 1940 602 2010 l'oterin
614 1930 743 2034 noelli
778 1937 900 2025 Verbo,
924 1964 993 2037 qua
1014 1964 1061 2034 ego
1079 1942 1186 2040 loquor
1204 1967 1262 2014 vo-

193 2042 263 2130 bio,
296 2063 395 2113 nono
409 2038 600 2138 maloque&
631 2031 684 2133 [ed
703 2040 821 2132 Potor,
853 2044 909 2137 qui
923 2047 1024 2128 immo
1038 2057 1166 2134 monet,
1199 2042 1260 2141 ipfi

187 2142 277 2240 {ocu
298 2140 472 2238 operosior.
516 2135 654 2212 Credite
669 2139 771 2226 milri,
797 2144 945 2236 quoniam
960 2157 1012 2232 ago
1029 2143 1065 2210 in
1090 2145 1204 2230 Parm-
1219 2141 1258 2222 ὕ
1286 2167 1288 2178 ·

197 2244 295 2317 Potor
317 2246 355 2311 in
381 2265 437 2312 me.
493 2241 706 2326 Sinonem,
732 2238 787 2309 vei
806 2255 931 2336 propter
945 2260 1036 2334 opero
1051 2241 1116 2338 ipfir
1133 2243 1258 2325 credite.
1286 2287 1288 2306 ι

193 2340 285 2418 Non
305 2360 375 2414 nos
396 2340 434 2412 in
452 2337 623 2428 erratica,
657 2351 767 2429 atque
790 2339 889 2412 invia
909 2339 1055 2415 deducit
1081 2343 1160 2434 ille,
1197 2343 1259 2435 qul

195 2441 257 2516 via
271 2438 346 2533 est,
377 2458 495 2531 neque
512 2437 630 2511 illudit
652 2456 718 2531 per
735 2436 842 2531 falla,
870 2440 929 2532 qui
948 2445 1082 2515 veritas
1098 2438 1168 2534 est,
1195 2463 1258 2517 ne·

194 2563 265 2636 que
279 2542 317 2614 in
331 2540 457 2615 mortis
473 2536 644 2629 relinquit
659 2556 799 2631 errore,
831 2542 889 2630 qui
904 2539 981 2611 vita
997 2540 1057 2616 est.
1111 2540 1158 2616 Et
1175 2543 1260 2633 qula

189 2644 270 2718 naec
292 2642 447 2737 benigna
469 2638 512 2712 ad
540 2635 686 2713 salutem
712 2637 868 2712 nostram
895 2637 1163 2733 dispensationis
1194 2640 1261 2716 sum

192 2742 341 2818 nomina
357 2739 431 2835 ipse
450 2736 656 2833 constituit,
691 2753 733 2810 ut
748 2760 817 2812 nos
832 2756 1010 2832 tamquam
1028 2744 1145 2815 via-in
1165 2743 1260 2816 veri·
1285 2755 1287 2814 l

192 2857 305 2921 tatem
327 2841 540 2934 deduceret,
569 2838 754 2912 &veritas
771 2840 1008 2913 constitueret
1022 2842 1058 2913 in
1077 2842 1168 2935 vita,
1197 2863 1259 2917 co-
1284 2893 1286 2922 ÷

192 2942 437 3042 gnoscendum
461 2939 534 3034 est,
575 2939 676 3031 quod
703 2939 791 3012 illud
816 2941 1022 3014 obtinendae
1043 2943 1127 3014 vltae
1149 2940 1260 3017 sacra·
1284 2935 1287 3014 l

193 3060 355 3122 mentum
369 3039 439 3114 else
454 3039 686 3114 demonstret.
741 3042 842 3112 Nem
856 3046 950 3112 venir
968 3044 1009 3113 od
1030 3045 1170 3133 Patrem,
1196 3039 1262 3143 nist

189 3164 249 3243 per
267 3167 324 3217 me.
375 3141 448 3213 lter
471 3139 514 3212 ad
532 3136 671 3211 Patrem
687 3159 753 3231 per
769 3139 897 3214 Filium
919 3139 980 3217 est.
1033 3139 1081 3215 Et
1100 3163 1258 3234 quaeren·

193 3243 277 3318 dum
294 3239 357 3331 est,
384 3253 504 3312 utrurn
520 3237 593 3310 hoc
612 3256 676 3330 per
696 3236 866 3312 doetrinae
885 3241 1185 3335 admonitionem,
1212 3263 1259 3318 art

190 3363 258 3440 per
270 3355 405 3414 naturae
420 3336 528 3412 tidem
544 3337 604 3411 stt:
632 3337 713 3430 quia
729 3339 843 3413 videri
862 3340 1042 3435 polluntur
1054 3364 1116 3437 per
1128 3341 1259 3415 doetri-

190 3464 274 3518 nam
294 3440 373 3514 Filii
389 3442 511 3534 potius
532 3436 574 3510 ad
597 3436 760 3531 Patrem,
793 3460 896 3531 quam
916 3464 980 3535 per
998 3441 1260 3521 confelllonena
1284 3419 1286 3456 ¹

190 3557 351 3638 paternae
364 3542 401 3614 in
417 3562 464 3614 eo
483 3539 680 3612 divinitatis
697 3540 834 3616 venire.
885 3541 1135 3639 Intelligentiae
1146 3541 1260 3639 igitur
1284 3623 1286 3630 ,

188 3638 917 3732 sensuminconsequentibusrequiramus.
962 3640 1262 3717 Nonenimfidea

189 3744 228 3818 in
246 3742 396 3814 arbitrio
419 3740 570 3835 nostro,
602 3737 663 3814 sed
682 3760 729 3813 ex
748 3738 923 3815 ditiorum
943 3742 994 3817 est
1014 3743 1172 3817 ineunda
1187 3745 1260 3817 vir·
1283 3763 1285 3768 ·

189 3843 340 3918 turibus.
1283 3807 1286 3886 i

267 3964 325 4035 34.
349 3936 716 4033 Namhoesequitur:
742 3942 785 4012 Si
796 3940 946 4029 scitisne,
973 3942 1146 4039 &patrem
1158 3931 1286 4014 mean

187 4041 290 4138 [citis.
340 4039 466 4114 Homo
480 4037 580 4134 Jelus
596 4039 754 4114 Christus
776 4043 949 4116 cernitur:
983 4044 1016 4118 u
1042 4042 1254 4136 quomodo,

189 4139 306 4239 sripse
321 4140 489 4238 cognitus
506 4138 571 4223 stt,
596 4142 664 4214 erit
680 4141 848 4236 cognitus
867 4142 991 4235 Pater,
1014 4166 1099 4217 ,curn
1118 4156 1258 4217 naturae
1281 4143 1284 4210 l

181 4241 278 4335 suae,
305 4241 341 4315 id
362 4239 433 4334 est,
461 4242 614 4315 hominis
632 4242 669 4312 in
691 4261 738 4311 eo
759 4242 919 4315 habitum
934 4244 1106 4337 ¹Apostoli
1125 4261 1258 4340 recog·
1279 4241 1282 4298 l

169 4341 359 4450 noscent,
398 4342 549 4425 &liber
575 4365 598 4422 a
623 4342 810 4440 corporali
826 4342 927 4422 Deua
947 4363 1076 4442 ame,
1112 4333 1299 4556 nontlnlk

348 4687 458 4725 «βῆ,
