2742 4959
377 641 854 727 “icaro-ra.
987 661 994 672 ·
1117 661 1208 726 -uvn

129 831 216 907 quae
244 825 326 887 eum
352 807 650 918 a'dAthanasrum
673 810 801 885 referri
822 805 964 885 necess'e
983 806 1045 903 fit,
1081 810 1120 885 in
1135 812 1208 885 ani·

128 956 232 1010 mum
250 932 427 1006 inducunt
438 930 639 1008 sermonem
656 932 701 1005 de
718 930 836 1008 saneto
852 930 915 1004 illo
932 933 1016 1004 viro
1032 946 1136 1005 antea
1147 932 1208 1008 ha·

128 1055 252 1131 lutum
265 1051 466 1127 desiderari
516 1050 720 1146 Rursumq.
742 1059 774 1131 8.
792 1050 951 1124 Nicaenae·
967 1048 1051 1125 fidei
1066 1054 1205 1126 mentio

125 1168 556 1267 jamfasiamemoratur‚
585 1175 747 1266 quamvis
764 1173 927 1247 nullum
916 1192 953 1246 m
964 1170 1207 1316 superioribua

85 1327 87 1392 ι
128 1295 176 1368 de
198 1287 275 1387 ipsa
292 1294 445 1368 verbum
459 1307 640 1370 occurrat

234 1409 362 1504 Aliqui
381 1415 488 1488 e'tiam
507 1407 732 1506 dubitarunt,
759 1433 804 1486 an
822 1433 898 1486 non
914 1413 998 1487 huic
1012 1413 1209 1489 libelloali·

128 1532 233 1609 unde
258 1532 378 1607 adsuta
392 1533 480 1627 fint,
520 1553 598 1626 qum
617 1540 690 1628 a§.
708 1558 743 1623 4.
764 1532 960 1628 supersunt.
1029 1505 1126 1608 siam
1144 1554 1208 1609 ne·

129 1673 207 1747 que
224 1671 307 1727 cum
326 1651 590 1749 superioribus,
621 1674 741 1746 neque
760 1654 856 1727 inter
873 1655 908 1728 se
927 1653 1007 1728 sutis
1023 1654 1208 1731 cohaerere

130 1773 329 1848 videntur:
355 1795 529 1869 nusquam
548 1775 693 1850 abhinc
715 1774 757 1847 ad
777 1773 1035 1868 Imperatorem
1051 1794 1210 1850 conver·

132 1897 229 1969 titur
247 1894 387 1968 oratio:
412 1895 582 1971 tradendi
592 1908 711 1970 autem
725 1897 818 1968 ratio
831 1913 991 1990 magnam
1001 1892 1210 1973 affinitatem

130 2014 428 2096 haberemus,
455 2036 533 2108 quae
550 2016 589 2089 in
607 2015 815 2113 fragmentis
835 2012 991 2088 historie
1009 2015 1210 2091 Ariminen·

131 2137 178 2213 fis
203 2135 354 2209 concilii
378 2119 603 2210 disseruntur.
666 2136 854 2236 Quocirca
878 2154 955 2207 non
975 2130 1055 2210 satie
1074 2153 1211 2236 certam

132 2270 272 2355 putant
293 2255 442 2331 Burunii
470 2258 703 2352 opinionem,
742 2255 838 2330 hunc
859 2255 990 2329 librum
1008 2278 1105 2332 anno
1125 2279 1208 2352 355.

134 2377 311 2471 scriptum
333 2398 410 2451 non
425 2379 566 2452 aliunde
582 2378 792 2473 probantis,
820 2397 923 2469 quam
939 2380 1037 2469 quod
1051 2379 1210 2476 Hilarius

134 2507 170 2594 ς
197 2509 232 2580 8.
262 2497 307 2571 de
331 2496 473 2572 Eusebii
497 2498 738 2572 Vercellensrs
767 2499 878 2572 exilio
897 2498 1107 2592 locuturus,
1132 2511 1211 2577 rem

136 2646 251 2692 recem
274 2617 407 2716 gestam
436 2619 578 2715 aggredi
600 2617 634 2690 se
655 2616 836 2709 praedicet.
903 2618 974 2691 Sed
992 2619 1026 2691 dr
1042 2620 1073 2691 ei
1094 2640 1212 2712 oppo-

134 2756 234 2817 nunt
251 2738 474 2837 fragmentis
499 2745 532 2832 §.
550 2741 585 2812 ό.
602 2738 733 2815 verba,
759 2738 820 2809 ubi
840 2736 967 2830 synodi
983 2735 1121 2813 Arelat.
1135 2738 1211 2815 adia

137 2861 216 2955 sex,
244 2860 430 2954 septemve
452 2858 534 2954 post
552 2859 652 2931 annis
666 2871 888 2952 narraturus,
915 2879 956 2932 ea
969 2873 1088 2933 tamen
1101 2860 1211 2957 dicat,

137 2985 284 3080 proxime
300 2979 407 3075 gesta.
530 3020 533 3026 ·
597 2993 600 2998 '

245 3099 317 3174 Sed
336 3120 417 3172 cum
437 3100 475 3172 in
489 3095 636 3172 vetusto
653 3100 848 3190 exemplari
867 3097 1012 3173 &Petri
1031 3102 1075 3173 dc
1093 3101 1212 3187 Urbe,

140 3222 266 3297 seculo
281 3220 330 3296 V.
348 3222 497 3294 ineunte
514 3231 662 3291 exarato
680 3241 755 3291 non
773 3218 886 3293 solum
903 3219 939 3292 in
955 3220 1077 3293 fronte
1091 3237 1211 3297 extet:

85 3335 88 3446 ζ
140 3397 169 3440 „
179 3343 314 3436 incipit
336 3340 493 3432 ejusdem
515 3340 559 3412 ad
572 3338 830 3412 Constantium.
842 3339 870 3382 “
928 3340 998 3413 Sed
1025 3342 1121 3416 &ad
1144 3345 1214 3417 cal·

85 3493 87 3560 4
140 3487 224 3540 cem
244 3461 478 3536 adscribatur:
503 3457 702 3552 „Explicit
716 3461 807 3533 liber
825 3459 853 3534 Ι.
869 3458 902 3534 8.
920 3462 1046 3535 Hilarii
1061 3463 1104 3537 ad
1116 3462 1214 3539 Con·

85 3567 87 3580 ¹
141 3585 323 3660 stantium.
373 3580 506 3673 Incipit
521 3581 610 3653 liber
624 3578 668 3653 ll.
681 3582 838 3670 ejusdcm
853 3580 894 3652 ad
910 3584 1077 3676 eundem,
1105 3606 1214 3675 quem

142 3706 177 3779 ἀ
196 3701 516 3793 Constantinopoli
537 3698 610 3794 ipse
628 3702 792 3789 tradidit3
807 3703 835 3743 “
861 3722 938 3775 non
951 3703 1096 3777 videtur
1105 3705 1213 3780 facilc

143 3826 323 3914 dandum,
351 3823 491 3895 aliunde
506 3822 697 3913 quidquam
715 3821 873 3896 adsutum
890 3823 969 3900 esse.

247 3944 425 4019 Praeterea
449 3957 602 4032 utraque
622 3956 722 4016 certe
739 3962 820 4036 pars
837 3946 977 4020 easdem
997 3946 1107 4020 deflet
1125 3946 1216 4019 cala·

140 4071 304 4158 mitates,
332 4064 455 4136 eadem
469 4063 611 4135 ratione
624 4062 830 4159 perstringit
845 4064 1217 4141 Arianorumviolen·

142 4191 245 4264 tiam.
300 4181 349 4256 Et
366 4199 526 4258 neutram
546 4186 686 4276 quidem
703 4197 786 4256 ante
806 4206 937 4262 annum
955 4210 1036 4280 355.
1049 4186 1215 4279 scriptam

144 4309 219 4390 ess'c
244 4307 379 4404 liquet:
413 4323 491 4380 nun
508 4303 747 4402 postremam,
782 4325 851 4398 qua
870 4328 948 4383 non
969 4307 1081 4383 modo
1102 4304 1217 4380 Pauli·

626 4424 717 4515 -ds
1099 4448 1174 4506 uua
1227 4519 1229 4526 ¹
