2742 4959
888 525 893 536 θ

195 663 275 734 xxx
359 637 396 720 8.
421 639 861 748 murmurent,
885 640 1109 732 Errsconr

195 819 254 900 nt,
273 823 362 881 -eum
387 801 482 901 apud
503 801 712 884 orientales
737 804 931 884 solemnem
949 808 1167 903 hymnorum
1186 834 1269 890 ean·

196 943 303 1026 tum,
355 926 519 1018 altorque
549 925 589 998 in
620 925 869 1005 celebratione
901 930 1154 1024 mysteriorum
1184 936 1268 1028 pior

195 1046 279 1138 uiua
319 1058 492 1141 receptor
524 1043 781 1138 approbasset3
832 1049 918 1125 hine
949 1048 1179 1143 postmodum
1213 1075 1269 1132 re·

195 1166 322 1258 versut
360 1164 405 1239 ad
445 1161 692 1244 Occidentalis
727 1161 896 1244 Ecclesre
930 1168 1020 1245 ritus
1057 1192 1103 1246 ex
1137 1194 1268 1256 eorum

194 1287 400 1374 imitatione
425 1283 638 1386 augendos,
689 1299 751 1362 aut
775 1285 1003 1363 illustrandos
1030 1293 1183 1370 animum
1209 1296 1292 1369 ad-=

190 1411 334 1509 jecerit.
408 1402 466 1478 Ex
498 1404 626 1482 Hilarii
662 1391 784 1482 autem
819 1407 961 1499 hymnis
997 1414 1197 1490 nonnullos
1229 1416 1292 1490 in'

192 1527 356 1618 Ecclesia
380 1524 572 1603 decantari-
589 1523 717 1614 solitos
743 1523 875 1622 fuisse,
904 1579 906 1584 -
927 1530 1038 1606 tradit
1063 1529 1292 1614 Concilium

190 1649 321 1728 Tolet.
346 1645 413 1724 IV.
439 1645 523 1726 anni
547 1648 635 1742 633.
1284 1681 1292 1736 ;

195 1791 209 1826 ·’
267 1785 502 1880 Manifeslnrm
531 1777 644 1864 etirm'
665 1787 788 1864 estex
813 1787 1003 1884 postremis
1028 1785 1237 1888 fragmentis
1252 1785 1291 1888 ,l

190 1911 372 1993 Hilarium
403 1906 478 1983 hoc
509 1917 678 2002 tempore
712 1907 941 2003 elaborasse,
992 1925 1035 1985 ut
1059 1910 1291 1992 inchoatam:

190 2027 353 2120 concilii
387 2026 539 2104 Arimin.
575 2023 611 2102 dt
647 2025 881 2106 seleuciensis
917 2029 1045 2121 synodi
1081 2029 1291 2112 historiam:

193 2151 418 2242 auctiorem,
466 2143 794 2243 perfectioremque
818 2149 1015 2244 redderet,
1067 2149 1103 2224 dt
1126 2153 1164 2227 in
1190 2155 1291 2246 col-5

191 2272 344 2372 ligendis
370 2255 483 2362 attia,
529 2283 608 2359 que
632 2267 706 2341 huc
729 2269 976 2365 pertinerent,
1026 2290 1177 2368 operam
1203 2275 1291 2370 de·;

191 2391 290 2471 title.

193 2555 202 2569 ·
266 2533 516 2624 Hieronymus
550 2527 657 2603 etiarn
689 2527 804 2604 refert
827 2539 879 2587 -'-·
903 2551 1103 2625 quanquam
1136 2555 1181 2608 ex
1212 2537 1290 2614 in·:

190 2669 298 2734 certo
323 2671 472 2728 rumore
495 2683 549 2704 ··-
571 2649 748 2725 Hilarium
769 2651 843 2744 jam
867 2649 985 2727 senem
1010 2653 1048 2728 in
1073 2649 1290 2736 Canticum:

183 2778 429 2853 Canticorum
453 2766 631 2865 scripsisse.

264 2915 442 2991 Hilarium
465 2911 629 3004 laborem
655 2931 824 2989 manuum
848 2935 924 2989 non
950 2909 1164 3013 neglexisse,
1202 2911 1267 2992 sed

190 3036 292 3134 quod
317 3035 363 3113 ab
389 3027 642 3105 Ecclefiasticis
669 3033 764 3104 curis
790 3031 973 3127 supererat
999 3035 1189 3130 temporis,
1221 3037 1264 3112 in

187 3155 379 3257 pingendis
405 3151 508 3227 sacris
532 3148 632 3223 libris
660 3145 934 3249 contempnite,
987 3157 1120 3230 indicio
1147 3155 1200 3232 est
1225 3157 1289 3240 S,

133 3263 140 3270 ’
185 3277 360 3374 Perpetui
402 3267 574 3368 Episcopi
613 3269 836 3347 Turonenns
880 3273 1129 3350 testamentum
1174 3301 1264 3374 474.

188 3396 426 3490 eonsemum,
465 3411 571 3485 quo,
620 3388 928 3490 Augustotunensr
966 3395 1150 3492 Episcopo
1186 3397 1265 3476 Eu·

186 3520 349 3616 phronio
382 3513 553 3606 relinquit
577 3505 862 3609 Evangeliorum
888 3518 1048 3611 librum,
1101 3571 1129 3614 „
1151 3537 1263 3612 quem

93 3697 95 3702 .
185 3637 322 3733 scripsit
361 3633 518 3711 Hilarior
552 3631 778 3708 Pidiaviensrs
811 3638 992 3728 quondam
1025 3637 1201 3716 sacerdos.
1231 3641 1261 3688 ‘⁶

184 3757 307 3848 Vetus
337 3753 623 3854 Evangeliorum
658 3754 777 3829 codex
806 3756 940 3831 latinus
973 3761 1009 3834 in
1037 3759 1195 3834 Ecclefia
1220 3761 1261 3842 S.

186 3877 332 3955 Gatiani
355 3875 580 3952 Turonensis
607 3873 829 3973 asservatur,
873 3899 978 3972 quem
1006 3903 1026 3954 a
1051 3879 1085 3958 S.
1114 3881 1259 3960 Hilario

184 3997 352 4095 scriptum
377 4010 536 4094 putant,
580 4010 691 4091 atque
712 3995 798 4071 huic
822 3995 990 4075 Ecclesrae
1015 4023 1034 4076 a
1059 4001 1095 4078 S.
1121 4001 1258 4099 Perpe-

183 4133 253 4232 tuo
277 4115 473 4232 resistunt,
491 4137 574 4198 cum
597 4115 817 4216 Euphronio
836 4117 908 4216 ipse
926 4115 1099 4221 superstes
1122 4124 1256 4208 fuisset.

937 4337 942 4346 ·
1057 4255 1199 4382 Druth·
