2742 4959
569 635 762 716 Vtut.
1153 663 1201 720 m

174 799 398 878 vincimum
408 793 610 875 rectoribus
623 796 735 876 cause
743 798 962 879 clericorum
975 801 1197 902 cognoscan-¹

174 935 292 996 -ut
303 921 436 1015 populi
446 916 1194 1025 Episcopusliberesequanturcatholicor,

181 1067 232 1118 ue
245 1061 321 1139 pet
329 1042 408 1116 vim
417 1055 595 1138 cogantur
603 1036 727 1134 subjici
739 1042 917 1117 haereticia
935 1079 987 1098 -
1011 1059 1053 1118 ut
1063 1051 1197 1148 egregii

123 1165 331 1244 icetdotea
357 1164 396 1238 in
418 1161 588 1258 desertio,
621 1175 685 1238 eut
708 1162 747 1238 in
766 1163 877 1236 exilio
899 1162 1038 1240 detenti
1051 1167 1098 1243 nd
1117 1165 1196 1248 suar

122 1288 217 1366 ledea
237 1296 484 1358 revocentur.

189 1405 348 1492 Arione
362 1401 527 1478 tautonis
542 1402 712 1496 primipili
724 1404 875 1480 inultum
890 1403 974 1480 inde
986 1407 1115 1484 timere
1125 1429 1195 1486 coe·

125 1539 279 1626 petunt,
312 1543 397 1600 cum
420 1543 578 1618 pronum
602 1523 839 1600 adverterent
861 1525 905 1599 ad
921 1525 1048 1601 Hilrtii
1064 1550 1195 1625 precer

126 1647 361 1745 inperatoris
376 1647 543 1739 animum,
569 1665 617 1719 ne
633 1642 693 1719 sua
709 1643 863 1741 haeresia,
889 1666 967 1740 quae
980 1667 1026 1721 ex
1040 1647 1197 1746 decepta

126 1765 328 1845 constantii
352 1766 529 1864 religione
549 1767 657 1840 unice
677 1763 879 1860 pendebam
912 1768 1005 1842 tanti
1020 1769 1088 1843 viri
1107 1793 1197 1848 con·

126 1885 1195 1988 liliisfunditurrueretmtqueirritatitamnovohoclibellm

126 2031 230 2106 quam
244 2007 406 2082 decreto
418 2020 556 2104 negatae
567 2007 834 2080 communionis
845 2022 976 2081 contra
989 2007 1023 2083 se
1034 2013 1197 2102 promul·

125 2149 222 2230 grto‚
249 2123 461 2222 oppressum
471 2125 654 2199 calumniis
668 2123 842 2200 Hilarium
856 2127 894 2200 in
905 2127 1096 2206 Biterrensi
1108 2153 1198 2209 con·

125 2249 345 2343 cenaculo,
368 2247 528 2324 mandari
543 2245 688 2321 exulem
703 2266 723 2319 a
738 2243 874 2322 Caesare
887 2250 925 2325 in
941 2249 1131 2351 Phrygiam
1145 2253 1197 2329 se·

124 2387 381 2568 wttlt‘titamen
395 2487 589 2580 impetrare
600 2506 620 2559 a
633 2487 779 2578 reliquia
789 2485 914 2560 Galliae
922 2485 1109 2585 Episcopis
1119 2514 1198 2571 non

124 2629 306 2714 potuere,
332 2609 393 2704 qui
412 2608 578 2682 mittendi
592 2607 629 2680 in
646 2608 793 2681 exilium
814 2607 940 2680 Hilarii
956 2611 1129 2686 authores
1142 2614 1198 2687 su·

124 2759 207 2831 ere,
232 2746 283 2809 ut
300 2725 395 2823 juste
412 2747 495 2803 eum
511 2729 709 2824 relegatum
727 2726 937 2809 crederent,
962 2730 1141 2827 aliumque
1159 2736 1198 2812 in

125 2851 274 2952 relegati
296 2852 420 2924 locunt
439 2845 653 2922 sufficerent.

193 2970 283 3072 lpse
305 2969 452 3044 exilium
469 2964 644 3065 generose
667 2963 788 3040 ferent
804 2985 873 3040 nec
886 2979 1092 3064 temporum
1107 2971 1201 3050 inse·

128 3095 276 3189 licitati,
311 3109 382 3166 nec
408 3085 550 3162 Arianae
580 3083 679 3159 secte
692 3085 894 3179 maledixit,
936 3090 1034 3181 quod
1051 3089 1200 3184 ipsemet

128 3217 286 3307 letetur,
316 3211 392 3287 imo
408 3229 514 3284 orare
527 3207 634 3281 etiam
650 3228 731 3279 cum
747 3206 888 3280 Arianis
904 3208 942 3281 in
959 3227 1036 3283 uno
1053 3213 1200 3289 eodem·

128 3360 193 3434 que
206 3332 376 3426 templo,
410 3327 690 3402 &salutationes
705 3327 955 3420 reciprocare,
979 3329 1139 3424 suspensa
1159 3334 1202 3409 li·

129 3475 182 3536 tet
197 3457 511 3536 sacramentorum
527 3448 797 3536 communione,
823 3469 899 3522 non
918 3471 1010 3547 aegre
1025 3453 1122 3545 tulit,
1148 3455 1201 3529 in·

129 3579 228 3656 dullit
245 3574 388 3671 potius.
441 3568 594 3646 Gavisus
614 3570 665 3645 est
678 3572 800 3663 etiam,
827 3571 894 3643 hac
908 3567 965 3643 sua
979 3571 1202 3649 confellione

130 3703 326 3780 veritatem
347 3691 522 3770 illustrari.
581 3690 716 3765 Libros
733 3690 779 3762 de
793 3687 996 3786 Trinitate,
1028 3693 1125 3766 exilii
1150 3692 1203 3768 sui

130 3819 373 3918 quadriennio
397 3811 531 3909 scripsit
553 3833 600 3886 eo
614 3807 711 3905 fine,
751 3825 793 3882 ut
808 3811 1061 3887 hereticorum
1081 3811 1204 3886 versu·

132 3946 207 4042 tiis,
248 3941 353 4034 queis
374 3935 589 4012 catholicos
611 3933 858 4026 decipiebant,
891 3923 926 4005 dr
949 3933 1040 4024 inde
1057 3933 1205 4008 credula

130 4060 360 4164 implicitate
371 4057 561 4166 diligenter
579 4053 764 4147 expolitis,
791 4050 1075 4158 tamptaesenter,
1100 4075 1207 4144 quam

132 4183 241 4286 longe
255 4179 415 4282 positor,
442 4176 569 4271 quibus
587 4172 741 4270 ipseper
762 4173 796 4248 se
817 4170 984 4246 dillerele
1003 4172 1090 4245 viva
1108 4193 1208 4254 voce

134 4319 199 4386 ton
219 4317 398 4404 poterut,
422 4289 909 4398 perfettiffinatnstr'uuione
924 4292 1136 4488 corrigergt.

218 4469 222 4476 -
646 4438 668 4494 r
693 4435 718 4490 a
1113 4429 1164 4491 uc
