2742 4959
167 653 344 720 entur
512 631 551 711 S.
600 633 906 712 iirtaarr

89 811 91 815 ’
168 793 303 895 scopus
327 793 506 888 aerdt;“
537 793 644 872 ineis
662 808 784 872 tamen
805 813 884 871 non
906 803 1108 869 occurrunt
1127 794 1228 872 verbi

170 915 494 1018 ebAugtffinoox
508 901 636 990 Hilarii
649 915 686 989 in
697 915 770 1012 Job
783 915 992 991 treciatibus
1008 915 1126 991 allata.
1171 915 1228 992 Ser

170 1059 291 1136 neqtm
304 1037 331 1112 ii
351 1036 449 1133 uari.
471 1047 516 1111 ttt
534 1032 773 1111 Mebilloniua
791 1037 829 1110 in
848 1038 930 1113 itin.
943 1035 1023 1110 Ital.
1042 1034 1228 1112 admonuit

171 1163 266 1240 tenti
289 1149 466 1236 Dodona
485 1173 617 1233 venern
647 1173 711 1234 ant
735 1158 880 1256 genium
910 1157 1061 1253 sapiunt.
1114 1156 1228 1256 Lonp

171 1286 290 1364 minua
309 1273 541 1356 consentiunt
557 1295 639 1353 cum
657 1277 752 1352 illiue
772 1272 855 1354 fide.
906 1274 1046 1351 Eorum
1068 1276 1164 1356 eninr
1185 1299 1228 1358 au

172 1403 320 1480 chocem
348 1396 444 1474 Atio
463 1393 657 1491 adhesiti'c,
683 1396 815 1474 Daniel
840 1394 997 1473 Huetiur
1015 1397 1052 1472 in
1072 1394 1228 1495 Append

170 1524 240 1600 iio.
255 1519 320 1599 111.
335 1518 486 1618 origen.
505 1520 540 1613 §.
558 1539 591 1596 a.
607 1518 692 1594 hinc
711 1521 858 1613 probat,
884 1517 985 1611 quod
1001 1518 1037 1591 in
1050 1520 1101 1592 eit
1113 1518 1228 1596 horno

171 1632 278 1718 'trion
293 1639 491 1736 rejiciatur,
517 1657 560 1714 ac
570 1639 734 1714 laudibus
744 1640 949 1714 celebretur
960 1638 1158 1733 Lucianur‚
1183 1661 1228 1717 cu

99 1805 116 1816 „
169 1762 231 1859 iac
241 1758 278 1838 se
290 1756 562 1856 discipuioeesse
570 1759 673 1856 primi
683 1758 808 1835 Ariani
822 1761 1080 1858 gloriabantur.
1123 1756 1228 1835 'Foro

173 1885 285 1962 ctiam
299 1880 519 1984 Licinianus,
544 1881 607 1974 qui
619 1878 845 1980 Carthaginis
858 1880 1026 1975 spatariae
1041 1879 1227 1977 Episcopo

172 2007 221 2082 ab
244 2002 384 2081 Isidoro
406 2000 453 2078 de
470 1996 601 2098 Script.
617 1999 745 2080 eccles.
765 2002 987 2098 appellatur,
1024 1997 1109 2076 salsa
1123 1997 1228 2076 inseri

172 2127 305 2223 ptionc
320 2121 494 2217 deceptui
506 2119 639 2218 sucat
665 2143 748 2199 curn
764 2124 809 2199 ad
823 2121 1041 2219 Gregoriurn
1052 2119 1091 2197 P.
1108 2118 1228 2198 scribit

135 2297 140 2304 -
172 2245 218 2318 ot
235 2242 389 2341 spicileg.
405 2254 497 2316 torn.
516 2265 551 2335 7.
567 2263 646 2339 pag.
660 2246 742 2341 369.
755 2244 904 2341 iegitur:
930 2240 1151 2336 „Habemus
1163 2240 1226 2318 san

172 2363 322 2441 iibeilos
341 2359 401 2436 sex
422 2358 458 2437 8.
475 2357 602 2435 Hilarii
621 2361 791 2462 Episcopi
810 2362 943 2438 Pidav.
958 2383 1051 2454 quos
1065 2363 1110 2436 dc
1123 2382 1228 2460 grec·

172 2482 691 2582 Origenisinlatinurnvertit.
743 2482 815 2558 Sed
827 2504 904 2558 non
919 2483 1040 2558 ornnia
1052 2480 1228 2561 secundur

173 2606 341 2682 ordinem
357 2604 439 2679 libri
453 2599 490 2680 S.
504 2602 589 2696 Jobi
601 2601 781 2700 exposuit
791 2604 820 2645 “
870 2602 1050 2695 Siquidem
1061 2600 1228 2701 Hierony

174 2749 255 2804 rnus
274 2742 449 2817 nutqutnt
471 2722 599 2795 isidorii
613 2729 652 2794 in
670 2724 736 2823 Jab
753 2723 868 2798 diheses
885 2740 1161 2821 commemorat,
1187 2725 1225 2802 se

174 2843 237 2923 lib.
264 2846 312 2922 de
339 2843 505 2939 scriptor.
529 2841 655 2923 eccles.
680 2842 843 2919 tradatur
863 2849 903 2917 in
932 2846 1008 2945 Job.
1060 2843 1227 2944 Apologi

174 2981 296 3043 antem
320 2961 490 3040 adversita
506 2961 714 3055 Ruffinum3
746 2964 846 3061 epist.
867 2966 912 3044 ad
926 2965 1190 3043 Pammachium
1214 2969 1228 3043 i

177 3086 265 3161 alibi
289 3084 439 3157 similia
457 3087 497 3155 in
517 3087 608 3184 Ἰοῦς
635 3103 710 3175 quo
730 3086 838 3161 etiarn
857 3090 1007 3163 nomine
1030 3088 1225 3164 citantura

179 3203 385 3306 Augustino
402 3217 533 3280 contra
549 3201 741 3299 Julianatn.

275 3324 364 3404 Hoc
386 3323 517 3403 Hilarii
541 3341 636 3419 oput
654 3321 699 3397 ad
720 3323 866 3402 exilium
880 3326 985 3421 ipsius
998 3325 1137 3401 referre
1152 3328 1228 3403 lice·

173 3443 284 3525 Bardi
302 3448 396 3524 eninr
412 3439 744 3522 convenientiiiima
756 3461 834 3520 erat
847 3448 926 3523 iibri
942 3446 1047 3539 hujus
1064 3441 1228 3523 tractatio

175 3565 216 3650 sn
233 3588 308 3665 quo
322 3569 432 3646 nobit
441 3565 648 3645 rarissimum
662 3566 844 3661 patientie
860 3568 1064 3661 exemplum
1075 3564 1177 3642 Deus
1190 3591 1228 3644 ea

173 3687 309 3789 posuit.

278 3829 311 3885 a.
336 3806 645 3885 Commentariun
665 3806 702 3883 in
720 3805 869 3883 Cantica
887 3805 1033 3888 Caveua
1054 3807 1228 3884 desiderat

141 3947 162 3978 ²
173 3928 272 4005 ttnde
284 3941 403 4003 autern
418 3928 505 4003 iilud
516 3925 672 4005 extitisse
685 3925 893 4025 suspicetur,
920 3933 982 4005 ubi
999 3928 1228 4025 quedam-eju

174 4046 324 4149 vestigia
339 4049 638 4144 deprehenderit,
665 4068 742 4122 non
758 4047 905 4128 indicat.

278 4190 311 4264 3.
337 4169 566 4247 Probabilern
582 4168 784 4265 ambigendi
799 4172 1003 4267 tationem,
1029 4165 1076 4245 an‘
1088 4163 1228 4242 Hilariu

171 4291 211 4368 in
228 4289 397 4390 cpistoita
415 4287 517 4370 Pausi
538 4288 735 4389 scripserit,
773 4294 893 4389 primo
906 4292 1115 4480 Conciliuml
1124 4281 1228 4481 Hisspa

1117 4428 1162 4482 en
1179 4430 1201 4483 c
