2742 4959
519 666 837 749 Scurrrs.
1114 643 1215 752 exuar

136 846 315 929 nmero,
339 830 517 925 brevique
531 829 673 930 libello,
700 854 806 928 quem
821 830 956 931 scripfit
971 845 1100 908 contra
1120 835 1214 912 Dio·

137 958 287 1034 scotum
308 949 513 1046 Medicum,
540 955 624 1047 quid
642 955 679 1026 in
699 955 828 1029 litteris
847 953 985 1052 posset,
998 949 1211 1034 'ostendit.“

136 1079 290 1154 Initium
307 1072 474 1169 profesio
493 1075 597 1166 hujus
615 1073 773 1169 epistolae
792 1075 898 1148 valde
914 1075 1041 1150 nobile
1053 1074 1115 1158 est,
1141 1093 1212 1152 ner

134 1200 262 1276 minus
276 1193 489 1291 prestantia,
516 1214 594 1285 que
609 1192 819 1286 sequuntur,
843 1194 946 1268 lic'ut
960 1193 1210 1272 sublimitatem

133 1320 255 1409 illam,
281 1313 592 1405 &eloquentiam
618 1333 723 1404 quam
741 1315 778 1388 in
794 1314 935 1389 Hilario
956 1313 1212 1391 commendant

132 1453 312 1526 veteres,
338 1435 376 1519 in
397 1455 440 1506 ea
456 1451 604 1524 quoque
618 1430 724 1507 facile
741 1434 897 1530 detegas.

248 1577 281 1648 3.
307 1551 397 1627 Illud
414 1554 520 1630 etiam
533 1557 568 1628 in
584 1553 724 1628 Hilario
745 1567 920 1632 nutarunt
938 1551 1084 1648 Critici,
1109 1555 1210 1651 quod

130 1695 262 1754 voces
280 1672 471 1749 admodum
485 1674 731 1767 infrequentes
746 1673 882 1768 scriptis
904 1675 972 1747 suis
989 1674 1136 1765 inserat,
1167 1689 1211 1752 ut

85 1771 89 1864 Ι
130 1795 348 1873 Erasmus'
340 1817 376 1867 m
401 1795 612 1887 praefatione
635 1793 805 1886 premissa
828 1795 978 1869 editioni
1002 1793 1214 1887 operumS

131 1915 291 1995 Hilarii:
317 1925 424 2001 atque
439 1911 474 1981 id
493 1913 660 2002 quidem
650 1935 687 1984 m
700 1915 767 1986 hac
783 1915 854 2005 ipsa
871 1912 1021 2008 epistola
1035 1913 1209 1990 occurrit.

132 2035 241 2138 Quis
254 2035 349 2109 enim
366 2047 483 2104 voees
497 2031 604 2104 hess
594 2032 732 2126 initiat,
758 2029 1020 2126 splendificare,
1047 2032 1212 2106 sacerdo·

134 2171 225 2230 tare
241 2151 309 2224 dcc.
335 2169 422 2244 quas
443 2149 502 2222 bic
516 2151 696 2243 invenies,
723 2153 765 2226 iis
782 2154 935 2228 vocibus
948 2141 1210 2249 adnumerabit,

139 2295 237 2369 quas
260 2277 391 2344 crebro
410 2268 644 2346 adhibemur
678 2273 820 2372 Quodsi
835 2273 1111 2368 explicationis,
1145 2272 1214 2348 rei·-

135 2375 224 2487 que.
241 2393 368 2464 clarius
383 2387 595 2466 illustrandae
609 2389 712 2464 causa
730 2411 859 2489 grecas
876 2415 991 2469 vocer
1010 2394 1157 2487 usurpat
1173 2396 1213 2472 in

138 2509 217 2586 stris
231 2512 329 2586 libris
345 2511 523 2604 Hilarius,
548 2531 591 2584 ea
608 2531 754 2602 quoque
772 2514 807 2585 in
822 2515 890 2587 hac
914 2512 1063 2607 epistola
1083 2533 1213 2587 occur·

136 2643 243 2736 runt
283 2631 321 2705 Si
343 2653 365 2705 a
389 2651 487 2705 voce
510 2623 726 2720 homousion
743 2633 787 2705 ad
810 2629 1214 2712 consubstantialitatem

139 2751 254 2828 verbi
280 2750 548 2845 explicandam,
584 2751 705 2842 quoad
729 2750 866 2846 potest,
902 2765 1011 2824 cavet
1027 2751 1212 2849 Hilarius,

139 2873 316 2967 illiusque
339 2873 428 2945 loco
455 2871 718 2962 explicationes
741 2872 880 2952 aliasin
896 2872 995 2946 libris
1013 2871 1080 2946 suis
1094 2870 1214 2948 substi-

141 2995 239 3084 tuit,
275 3012 322 3066 ne
337 2987 473 3064 scilicet
488 2990 533 3064 de
548 2991 720 3083 nomine,
759 3010 834 3091 non
852 2992 897 3067 de
912 2991 985 3088 ipsa
999 2994 1105 3068 verbi
1125 3013 1215 3068 con·

139 3109 440 3189 substantialitate
448 3141 470 3204 ,2
496 3123 604 3202 atque
622 3111 846 3206 eternitate,
879 3134 921 3187 ac
937 3113 1136 3208 prestantia
1155 3112 1215 3188 dc·

143 3245 288 3310 certare
311 3230 497 3325 videatur,
529 3230 567 3304 id
583 3249 730 3324 quoque
754 3231 813 3304 hic
827 3237 976 3331 peragit
1023 3234 1065 3309 Id
1081 3233 1216 3327 pariter

143 3355 184 3428 in
210 3349 365 3446 epistola
382 3352 450 3425 hac
472 3351 662 3444 observat,
697 3351 796 3441 quod
813 3353 850 3425 in
868 3355 1011 3446 reliquis
1034 3356 1130 3427 libris
1146 3351 1216 3426 suis

144 3468 318 3566 nivosus
344 3469 502 3546 Arianos
524 3468 706 3568 disputans
727 3473 890 3568 religiose
910 3473 1141 3568 observarat,
1172 3484 1218 3548 ut

143 3589 286 3670 scilicet
304 3611 432 3665 eorum
445 3591 589 3683 quidem
603 3610 745 3665 errores
764 3594 998 3674 uehementer
1013 3594 1216 3690 redarguat,

145 3725 188 3816 ut
203 3710 383 3786 neminem
403 3713 554 3806 nomine
567 3712 742 3802 appellet:
776 3728 885 3804 atque
900 3714 943 3787 ab
961 3712 1090 3788 odioso
1114 3711 1218 3784 Aria·

146 3839 283 3908 norum
301 3831 336 3904 dt
351 3830 653 3906 Semiarianorum
669 3832 852 3905 vocabulo
868 3831 1012 3927 prorsus
1029 3832 1219 3905 abstineat:

149 3973 259 4048 quam
282 3951 426 4044 quidem
446 3953 497 4025 ob
512 3969 588 4024 rem
603 3947 775 4025 Lucifero
793 3948 1000 4027 Calaritrno
1019 3950 1219 4047 displicuit,

150 4073 188 4150 dr
211 4071 294 4168 plus
317 4087 422 4162 equo
447 4070 542 4145 mitis
568 4069 744 4165 apparuit.
815 4071 938 4171 Quid?
964 4072 1063 4165 quod
1085 4071 1221 4146 eaedem

148 4193 267 4290 paulo
282 4189 470 4265 liberiores
489 4186 654 4284 phrases,
684 4190 898 4287 presertim,
929 4211 1012 4267 cum
1026 4192 1070 4267 de
1085 4191 1222 4286 Spiritu

152 4309 209 4410 8.,
233 4309 281 4388 de
295 4307 557 4386 incarnationis
574 4309 762 4410 mysterio,
787 4312 881 4388 &de
899 4331 1019 4389 retum
1035 4316 1223 4389 creatione

212 4435 251 4510 al.
276 4429 409 4518 Hilarii
437 4423 526 4510 Tout
554 4433 581 4508 s.
801 4428 848 4524 ¹'k
1077 4429 1182 4513 dille·
