2742 4959
204 697 252 777 92
403 671 439 751 S.
470 661 663 750 Hana'aur
693 691 752 748 oa
784 669 1062 755 Tartara-ara

280 859 338 912 eo.
365 835 477 936 Quod
498 835 522 910 sr
540 835 659 910 Deum
675 849 813 930 patrem
831 837 1023 914 solitarium
1043 841 1105 916 irbi
1125 842 1208 922 haec
1220 849 1282 926 loz

205 953 329 1012 cuturn
354 935 455 1012 fuisse
474 933 645 1010 ffirmare
659 939 787 1030 voles,
819 952 998 1030 tamquam
1019 945 1176 1019 concedi
1205 947 1279 1028 tibi

201 1039 329 1146 potiit,
359 1052 401 1110 ut
420 1057 514 1110 unus
537 1035 653 1111 secum
676 1039 781 1112 velut
802 1057 883 1112 curn
904 1041 1021 1114 altero
1037 1041 1079 1114 stt
1096 1044 1277 1150 intutus,

204 1141 443 1230 credaturque
461 1137 498 1210 in
516 1154 578 1227 eo,
606 1137 705 1228 quod
716 1142 756 1207 ad
769 1145 934 1232 imaginem
948 1145 1012 1211 Dei
1018 1140 1086 1233 feei
1095 1135 1277 1248 homimem,

202 1242 255 1314 ita
273 1235 428 1312 voluisse
445 1237 615 1332 intelligi,
648 1251 845 1328 tamquam:
881 1240 924 1311 ad
945 1237 1132 1337 imaginem
1151 1269 1276 1329 meam

201 1340 273 1416 feci
289 1340 490 1425 hominem
517 1337 668 1430 primum
683 1336 757 1429 ipse
774 1337 978 1413 testimonio
994 1354 1061 1414 tuo
1077 1346 1274 1446 redargue.

198 1446 260 1515 ria.
315 1437 444 1514 Dixisti
463 1437 576 1510 eninr:
610 1433 668 1509 Ex
686 1435 793 1510 Patre
808 1441 950 1530 omnia,
977 1441 1033 1512 sed
1050 1461 1112 1535 per
1131 1443 1272 1526 Filium

203 1541 337 1615 ornnia.
387 1537 555 1628 Namque
570 1536 705 1630 perid,
739 1538 837 1629 quod
855 1535 1062 1614 didiumest:
1098 1545 1271 1621 Faciamus

202 1643 375 1720 haurirem,
401 1659 446 1712 ex
461 1657 507 1710 eo
526 1637 633 1733 origo
647 1635 712 1731 est,
739 1655 784 1710 ex
801 1657 874 1730 quo
893 1642 1000 1733 coepit
1020 1639 1198 1717 &serator
1225 1649 1267 1723 in

201 1763 251 1814 eo
270 1760 376 1829 vero,
404 1737 503 1828 quod
517 1739 604 1808 Deus
618 1737 658 1807 ad
671 1743 835 1830 imaginem
858 1743 918 1810 oei
926 1740 1023 1833 fecit,
1048 1739 1265 1839 fignificatur

200 1843 308 1916 etiam
327 1842 369 1912 is.
397 1859 462 1931 per
479 1857 585 1930 quent
599 1836 862 1911 consummatur
878 1841 1057 1932 operatio.

277 1959 334 2015 er.
360 1937 457 2012 Tarm
475 1937 618 2028 deinde,
643 1959 690 2012 ne
709 1936 791 2030 quid
806 1940 870 2011 tibi
886 1939 970 2012 hinc
984 1939 1089 2014 liceat
1103 1945 1263 2041 mentiri,

198 2040 403 2134 Sapientia,
437 2057 539 2131 quarn
556 2035 683 2132 tuipse
699 2035 875 2114 Christum
892 2035 1069 2114 consessus
1087 2063 1148 2138 es,
1173 2067 1261 2121 con·

198 2144 322 2217 traibit
340 2137 480 2212 dicens:
515 2141 593 2210 cum
609 2156 705 2211 cartes
722 2141 855 2235 ponebat
866 2140 978 2233 stertet
1000 2141 1052 2228 [iai
1070 2147 1157 2232 raso,
1189 2169 1257 2218 erem
1296 2163 1299 2210 2

191 2244 302 2339 fortia
310 2237 451 2333 faciebat
459 2239 675 2332 fandartmta
688 2254 802 2332 terra,
837 2267 923 2312 eram
941 2244 1024 2337 opud
1041 2245 1130 2316 idern
1146 2269 1258 2342 compo·
1295 2261 1299 2330 1

198 2367 293 2418 neor.
351 2339 417 2435 Ego
431 2362 526 2424 eram,
552 2341 696 2437 adquam
709 2339 871 2435 gaudebat.
922 2343 1073 2435 Quotidie
1086 2348 1259 2417 aeternia-
1297 2372 1299 2401 ¹

198 2445 290 2516 tabor
313 2447 350 2511 in
374 2438 532 2537 eonspeiiu
550 2445 618 2537 ejus
644 2446 681 2510 in
708 2447 967 2538 omnitempore,
1000 2469 1068 2514 cum
1091 2447 1257 2517 letaretur
1296 2436 1299 2507 j

195 2547 266 2616 orie
278 2540 435 2638 perfodio,
462 2541 501 2615 θ
521 2544 686 2611 letaretur
704 2544 831 2630 infiiiir
853 2541 1026 2618 ieorrrinum.
1079 2543 1258 2621 Conclusa¹
1296 2567 1299 2604 ¹

199 2643 252 2719 est
270 2644 387 2716 ornnis
403 2641 570 2733 occasio,
597 2639 631 2712 δι
647 2655 832 2713 coartatur
848 2642 890 2713 ad
910 2645 986 2715 veri
1004 2644 1259 2722 confeffionenr
1296 2635 1299 2707 ἶ

195 2742 381 2818 universus
405 2762 519 2816 error.
572 2739 685 2814 Adest
708 2741 792 2814 Deo
810 2743 928 2838 genita
948 2759 1030 2817 ante
1053 2745 1175 2819 saecula
1198 2745 1257 2820 Sa·
1287 2709 1299 2824 s]

194 2847 341 2940 pientia.
391 2841 524 2934 Neque
546 2841 659 2915 solum
683 2840 805 2933 adest,
845 2838 1029 2917 sedetiam
1053 2849 1254 2939 componit.
1287 2829 1299 2976 ἲ]

195 2943 259 3017 Est
274 2964 361 3039 ergo
378 2963 602 3033 componens
619 2942 712 3042 apud
730 2939 852 3034 ipsum.
904 2941 1068 3041 lntellige
1082 2947 1255 3040 composa·
1288 2979 1291 3036 ι,

192 3046 306 3116 tionis
327 3043 387 3113 vel
411 3041 647 3134 dispositionis
670 3039 838 3113 officium.
892 3042 997 3116 Pater
1018 3049 1161 3121 enimin
1187 3069 1254 3139 eo,
1289 3041 1299 3105 '¹

192 3141 486 3232 quodloquitur,
512 3137 640 3223 efficit3
667 3140 777 3212 Filius
794 3144 830 3214 in
846 3163 914 3232 eo,
942 3143 1040 3232 quod
1059 3162 1252 3238 operatur,
1297 3162 1299 3193 ¹

190 3261 269 3332 quae
289 3237 367 3312 fieri
388 3236 468 3311 sunt
485 3237 596 3330 dit'ia,
632 3242 834 3334 componit.
886 3242 1116 3317 Personarum
1133 3263 1253 3318 autern

188 3341 242 3412 ita
264 3339 353 3412 faita
374 3337 550 3413 distinuio
575 3336 647 3429 est,
680 3354 722 3410 ut
743 3361 835 3433 opus
856 3341 1033 3414 referatur
1056 3344 1099 3414 ad
1116 3357 1251 3414 utrum·

189 3461 273 3531 que.
324 3439 419 3512 Nam
434 3440 469 3512 in
487 3458 556 3518 oo,
591 3439 690 3531 quod
706 3439 853 3514 dicitur:
891 3445 1073 3532 Faciamus,
1100 3439 1249 3526 &juffio

189 3554 416 3632 exequatur,
450 3535 649 3612 &fatiunt
682 3540 782 3613 ineo
804 3557 915 3630 vero,
951 3537 1049 3627 quod
1067 3535 1250 3614 scribitur:

190 3640 294 3712 Eram
314 3643 396 3733 apud
415 3643 501 3709 idum
517 3659 715 3733 campanias,
742 3659 818 3710 non
840 3637 1032 3710 solitarium
1052 3636 1087 3710 se
1100 3639 1160 3712 srbi
1179 3639 1251 3715 eise

185 3739 225 3811 in
244 3741 459 3834 operatione
480 3735 662 3834 fignificat.
712 3737 870 3810 Laetatur
898 3749 1015 3809 atatem
1037 3753 1248 3829 antaeum,

186 3859 291 3931 quern
311 3837 371 3912 srbi
386 3837 603 3936 sagrriticabat
617 3838 814 3935 adgaudere
828 3837 971 3910 taranti.
1024 3842 1180 3933 Quotidie
1193 3869 1250 3912 au·

185 3957 251 4012 tem
266 3940 394 4009 ietaiar
415 3965 451 4007 en
471 3937 628 4034 eonspei'ie
646 3946 712 4036 ejus
729 3944 765 4006 ira
784 3941 1041 4033 omnitempore,
1066 3944 1252 4038 quandoia·

184 4039 315 4112 tabuur
329 4040 399 4106 orie
408 4039 558 4132 perfeiio,
585 4040 624 4115 Θ
632 4038 799 4109 letabatur
814 4035 941 4128 irrfliiis
955 4041 1128 4115 hominem.
1156 4041 1249 4114 Cau·

183 4137 256 4213 sam
276 4136 406 4211 laetitiae
425 4135 491 4208 stra·
513 4139 693 4230 Sapientia
707 4137 843 4211 docuit.
893 4137 1051 4211 Laetatur
1069 4143 1118 4212 ob
1135 4141 1251 4212 satiri·-

183 4259 240 4310 anr
254 4237 380 4328 Patris,
407 4239 442 4307 in
457 4238 679 4328 perfeetione
697 4235 831 4328 nundi,
859 4236 946 4311 &in
966 4236 1044 4312 filiis
1060 4240 1248 4316 honunum

181 4337 347 4413 latentia.
396 4333 635 4429 Sc'riptumest
649 4339 763 4415 enim:
791 4339 938 4414 Etoidir
953 4345 1056 4431 Deus,
1081 4340 1249 4529 afiaiana
