2742 4959
136 637 241 724 roris
264 633 503 728 mercedem
523 634 720 743 reddere,
748 634 981 752 aequum'dr
1000 633 1159 750 justum

136 789 307 882 educo.
336 855 342 892 :
626 819 630 826 ·

182 1097 418 1218 Digreiius
441 1099 534 1194 sum
558 1103 766 1219 paulisper
786 1129 810 1192 r
836 1101 926 1206 Te,
969 1099 1049 1189 Vir
1074 1129 1157 1192 rm·

137 1260 308 1362 anime,
349 1262 481 1346 amice
503 1257 871 1378 indulgentissime!
915 1257 1160 1375 quadrum

137 1418 202 1500 mi
234 1411 395 1528 populo
426 1412 657 1519 istrorum,
704 1413 930 1504 locuturus·
949 1441 1017 1517 ee,
1061 1440 1158 1528 quae

137 1594 237 1657 mes
254 1567 675 1675 trmdeHiiariohoc,
707 1596 836 1684 quam
845 1567 898 1657 de
907 1592 1029 1682 cepto
1044 1593 1159 1657 novo

137 1751 192 1813 re
217 1711 405 1812 edendos
427 1723 700 1839 imposterum
726 1724 868 1814 Patres
894 1723 1078 1827 consilio,
1113 1721 1158 1813 dr

138 1899 200 1966 vo
226 1903 378 1964 eorum
398 1853 590 1966 currtore
610 1881 798 1996 oportuit
826 1877 944 1988 scire,
983 1904 1060 1967 nec
1081 1869 1157 1966 dif-

137 2037 184 2122 ri
214 2031 295 2120 aiio
319 2029 519 2122 debuere.

198 2340 342 2432 Redeo
359 2275 639 2450 nuncadre,
668 2347 737 2435 vel
755 2351 892 2459 potids
908 2345 960 2436 ad
975 2344 1160 2433 solemni·

138 2529 215 2588 :em
230 2503 447 2614 accingor,
477 2528 561 2615 qua
577 2504 727 2591 meum
738 2503 841 2593 Tibi
862 2502 1071 2592 Hilarium
1089 2484 1164 2587 de?

138 2681 227 2746 >are
251 2651 431 2744 decrevi.
501 2655 679 2773 Vulgari
707 2682 757 2746 ut
779 2656 823 2745 id
846 2684 963 2745 more
987 2651 1160 2762 faciem,

140 2841 171 2901 n
192 2809 311 2898 decet
324 2809 469 2898 Tuam
480 2805 740 2924 dignitatem,
768 2836 856 2899 non
870 2814 1020 2900 Tuum
1031 2812 1160 2897 inme

139 2971 311 3054 tritum:
342 2991 436 3053 ¹nec
466 2989 678 3080 pateretur
709 2991 831 3054 meus
863 2970 907 3054 in
929 2968 999 3055 Te
1023 2991 1157 3055 emor.

140 3147 199 3208 ox
221 3124 336 3208 enim
356 3119 646 3210 'Iirsculanum
660 3124 831 3223 Tuum,
870 3118 987 3236 quod
1014 3119 1159 3208 Hoch·

140 3279 218 3364 mii
234 3277 306 3380 est,
335 3301 444 3391 peto,
473 3279 531 3364 ibi
545 3275 905 3363 interVinitorum
919 3273 1048 3388 jubila
1078 3275 1160 3386 (est

142 3438 207 3521 im
226 3430 351 3519 hodie
366 3429 451 3519 dies
468 3434 599 3544 prima
607 3430 844 3535 vindemiae)
875 3431 1160 3521 &amicorum

139 3583 387 3689 rotundam,
438 3585 540 3672 Tibi
565 3610 741 3700 quoque
770 3581 1157 3691 eddidiffimorum,

140 3767 302 3832 uorum
323 3739 735 3855 leffiffimaquaedam
753 3765 906 3828 corone
926 3766 994 3828 me
1010 3745 1068 3832 ibi
1085 3772 1156 3832 ex·

141 3895 248 4007 aar)
270 3895 581 3986 acclamantium
589 3919 685 3985 vom
694 3894 1056 3985 dedicatoriaehuic
1072 3901 1158 4011 epi·

140 4055 199 4142 »1ae
216 4053 346 4170 fidem
364 4049 510 4162 inipso
526 4073 600 4138 tuo
616 4055 823 4140 intimiore
840 4052 1056 4157 cubiculo,
1084 4056 1159 4142 im·

140 4210 313 4302 murus.
384 4207 491 4328 Quae
514 4212 625 4295 enm
650 4207 850 4300 haetenus
871 4183 1024 4328 registr,
1062 4211 1159 4304 Mo·

563 4371 668 4449 ’ἀ
867 4413 880 4454 ι
947 4372 1103 4484 guntiae
