2742 4959
195 615 269 710 ant
392 617 431 702 8.
462 585 662 704 Ηιιιιιι
695 639 755 700 ne
785 613 1068 704 'feretrana

195 782 326 866 locuit
344 787 458 862 vitam
473 787 511 860 in
529 782 566 860 se
577 795 643 882 ptr
653 783 845 860 viventem
860 784 1001 864 Patrem
1019 785 1140 866 inesse.
1193 788 1269 870 De·

195 890 284 970 hlnu
303 907 387 962 cum
406 887 510 961 dicit:
542 883 756 960 sicutenim
777 884 883 962 Pater
903 889 1012 962 habet
1027 891 1139 964 vitam
1163 893 1200 966 in
1219 893 1270 972 se-

197 985 367 1084 metipso,
392 985 488 1062 sic&
503 983 597 1060 Filio
614 985 714 1060 dedit
727 985 840 1061 vitam
856 989 989 1062 habere
1001 991 1037 1062 in
1056 991 1270 1088 semetipsoa

197 1092 322 1166 omnia
337 1091 425 1161 viva
438 1083 498 1160 sua
516 1105 564 1159 ex
580 1085 735 1160 vivente
750 1084 897 1160 testatus
907 1087 970 1164 est.
1022 1089 1135 1187 Quod
1146 1107 1269 1170 autem

196 1213 246 1268 ex
266 1190 359 1260 vivo
383 1188 511 1260 vivum
539 1183 758 1277 autumes,
797 1189 908 1260 habet
925 1189 1125 1264 nativitatis
1147 1193 1271 1286 profe·

199 1290 295 1366 cium
315 1289 389 1362 stne
411 1286 605 1360 nativitate
619 1299 768 1361 naturae.
821 1284 911 1360 Non
929 1290 1025 1361 enim
1038 1310 1181 1367 novum
1198 1294 1269 1389 est,

201 1387 302 1484 quod
323 1407 372 1462 ex
394 1388 487 1460 vivo
503 1400 696 1483 generatur
719 1385 756 1459 in
780 1385 931 1476 vivum,
965 1389 1047 1482 quia
1061 1410 1132 1464 nec
1150 1415 1198 1466 ex
1217 1397 1268 1468 ni·

196 1489 276 1568 hilo
297 1487 342 1561 ad
366 1485 593 1560 nativitatem
618 1486 695 1558 vita
717 1486 859 1577 quaefita
880 1485 951 1575 est,
994 1487 1027 1560 δι
1048 1492 1146 1584 vita,
1187 1514 1266 1584 quae

194 1589 426 1666 nativitatem
462 1584 565 1661 sumit
597 1605 645 1658 ex
681 1584 790 1680 vita,
840 1584 979 1661 necell'e
1018 1587 1069 1662 est
1107 1611 1172 1684 per
1202 1612 1262 1667 na·

195 1703 288 1764 turae
310 1688 508 1780 unitatem,
542 1681 778 1780 opertere,
813 1700 921 1778 atque
945 1689 1191 1766 inenarranda
1204 1715 1264 1768 na·

194 1789 352 1868 tivitatia
368 1781 648 1866 sacramentum,
678 1799 721 1858 ut
738 1783 773 1858 it
789 1785 827 1860 in
846 1788 1001 1864 vivente
1018 1787 1144 1874 vivat,
1180 1791 1266 1868 &in

194 1889 235 1974 se
254 1889 385 1962 habeat
404 1888 517 1961 vitam
536 1885 735 1960 viventem.

197 2049 203 2064 .
271 1998 330 2068 ιιι.
355 1983 591 2068 Admonuiile
613 2004 684 2059 noa
713 1987 750 2059 in
777 1984 932 2060 exordio
958 1985 1130 2063 sermonis
1154 1989 1264 2066 nostri

194 2087 442 2178 meminimus,
475 2087 647 2160 humanas
662 2088 955 2179 comparationes
976 2087 1109 2163 divinis
1125 2110 1203 2164 non
1218 2091 1263 2166 sa·

193 2189 365 2266 tissacere
380 2188 567 2280 exemplis,
592 2201 713 2261 tamen
732 2205 801 2278 pro
818 2201 922 2278 parte
942 2187 1264 2286 intelligentiaeno·

195 2287 276 2364 strae
300 2284 434 2361 sensum
460 2285 587 2358 formis
614 2286 867 2382 corporalibus
896 2287 1040 2363 erudiri.
1091 2289 1263 2364 Humane

191 2384 397 2464 nativitatis
424 2383 681 2458 conscientiam
713 2381 888 2478 consulo,
925 2401 1045 2462 utrum
1070 2409 1148 2462 non
1171 2393 1264 2464 intra
1298 2399 1299 2406 '

196 2487 320 2563 Patres
337 2497 481 2559 maneat
503 2486 610 2580 origo
633 2480 866 2559 nascentium.
914 2484 1008 2560 Nam
1034 2491 1173 2564 tametsi
1197 2492 1265 2565 ele·

192 2602 319 2665 menta
341 2586 401 2659 illa
418 2587 573 2659 inanima
590 2605 632 2656 ac
651 2587 791 2677 turpia,
827 2585 954 2675 quibus
969 2585 1137 2662 nascendi
1155 2591 1262 2664 causae
1298 2591 1299 2606 ¹

191 2688 427 2770 inchoantur,
453 2686 490 2756 in
509 2685 693 2758 hominem
711 2684 861 2758 alterurn
881 2683 1041 2778 effluant,
1068 2705 1262 2765 naturaeta·
1298 2719 1299 2726 ι

193 2809 278 2867 rnen
297 2788 436 2858 virtute
448 2785 541 2857 intra
559 2782 593 2856 se
611 2784 766 2856 invicem
782 2799 947 2859 manent:
972 2788 1055 2862 dum
1073 2791 1189 2882 &per
1207 2793 1263 2866 da·
1298 2799 1299 2818 ¹

193 2903 269 2962 tarn
296 2902 435 2960 nuturae
459 2884 618 2977 eiusdem
644 2884 841 2979 originem,
876 2883 1080 2961 nascentem
1105 2888 1262 2981 sequitur
1298 2957 1299 2962 a

192 2989 273 3068 ille,
307 2989 367 3079 qui
384 2987 515 3081 gignit3
548 2985 582 3056 δι
602 3005 666 3077 per
682 2999 867 3080 acceptam
884 2988 1133 3080 nativitatem,
1161 2993 1259 3082 cujus
1298 2987 1299 3034 ³

193 3093 332 3177 virtus,
368 3086 429 3157 etsr
453 3084 661 3176 derivetur,
694 3100 910 3158 nontamen
933 3087 1112 3181 aufertur,
1147 3090 1184 3162 in
1212 3091 1262 3186 gi·

193 3202 330 3283 gnente
355 3185 389 3258 se
411 3198 533 3258 manet
545 3182 628 3273 ille,
664 3184 723 3273 qui
741 3182 907 3258 nascitur.
959 3184 1008 3257 Et
1025 3188 1099 3261 hoc
1118 3191 1261 3280 quidem

191 3301 332 3360 tanturn
356 3285 398 3358 ad
420 3285 580 3358 humanae
602 3283 803 3355 nativitatis
818 3286 1089 3382 intelligentiam
1106 3310 1262 3364 comme·

193 3401 375 3462 moratum
392 3405 411 3456 a
427 3384 533 3456 nobis
548 3381 608 3464 sit,
635 3402 711 3456 non
729 3385 896 3458 etiamad
913 3387 1108 3480 persetlum
1126 3389 1162 3461 in
1182 3390 1262 3462 uni·

192 3488 319 3584 genito
343 3485 428 3558 Deo
450 3483 650 3556 nativitatis
674 3486 896 3577 exemplum:
934 3489 1015 3578 quia
1036 3503 1171 3563 naturae
1196 3489 1261 3564 hu·

192 3607 306 3662 rnanae
325 3582 509 3659 infirmitas
529 3606 574 3656 ex
590 3582 785 3678 disparibus
806 3603 1055 3682 comparatur,
1089 3589 1187 3663 &ex
1211 3591 1259 3665 in·

194 3687 318 3762 animis
337 3686 546 3759 continetur
559 3684 603 3758 ad
618 3685 743 3759 vitam.
794 3683 877 3758 Nec
893 3684 1007 3762 statim
1024 3691 1060 3760 in
1078 3711 1135 3781 ea,
1162 3688 1260 3782 quod

190 3787 370 3885 gignitur,
395 3786 513 3869 vivit,
539 3806 657 3877 neque
671 3799 792 3864 totum
817 3787 913 3857 vivit
933 3808 978 3858 ex
992 3790 1090 3877 vita;
1118 3810 1201 3864 cunt
1222 3791 1258 3865 itt

191 3909 235 3961 ea
260 3886 373 3962 multa
394 3884 482 3972 srnt,
517 3905 593 3975 quae
609 3884 682 3961 sine
701 3899 838 3959 naturae
861 3881 928 3957 suae
947 3885 1069 3981 sensu,
1097 3909 1179 3965 cunr
1199 3910 1261 3964 ex·

189 3987 402 4076 creverint,
436 3981 658 4060 desecentur.
709 3983 751 4059 ln
772 3982 857 4058 Deo
874 4006 966 4059 vero
983 4003 1123 4081 toturn,
1158 3989 1260 4082 quod

190 4086 264 4169 est,
295 4087 404 4159 vivit.
453 4082 557 4156 Deus
579 4087 674 4158 enim
692 4085 768 4158 vita
784 4083 853 4158 est:
885 4084 981 4161 &ex
1003 4089 1080 4162 vita
1096 4109 1170 4162 non
1189 4110 1261 4182 po·

187 4185 258 4259 test
273 4180 543 4278 quidquamell'e
553 4183 766 4259 nisrvivum.
817 4184 949 4278 Neque
959 4187 1260 4283 exderivatione,

169 4285 241 4365 sed
260 4309 311 4366 ex
326 4287 467 4384 virtute
479 4284 650 4368 nativitas
664 4281 728 4363 ert
779 4282 838 4362 Ac
856 4285 880 4363 fi
896 4288 980 4365 dum
995 4290 1262 4465 tutumessuod

1191 4443 1215 4488 ἱ,
