2742 4959
511 637 864 717 Scatrae·
1116 661 1251 720 xcru-

136 803 210 879 riaa
236 777 491 897 copiofiusqu'e
510 801 748 898 disputatum,
784 801 819 876 it
838 798 938 896 quod
951 801 989 876 in
1005 805 1208 884 enarrando

135 923 223 1022 Por.
250 943 308 1018 59.
329 924 365 1019 §.
388 946 423 1001 a;
452 923 653 1018 expolitum
676 923 818 1017 iuerat,
852 920 1095 1017 intrent.
1120 945 1151 1002 1.
1167 926 1207 1006 in

135 1044 347 1121 memoriam
364 1056 573 1120 revocatur.
632 1042 808 1118 Praeterea
823 1044 954 1139 prioris
973 1043 1079 1117 seculi
1099 1044 1206 1142 initio

134 1162 307 1240 tristatur
322 1161 360 1238 in
376 1161 428 1239 Ps.
449 1182 505 1259 13.
528 1163 564 1239 ot
585 1183 640 1255 14.
658 1185 705 1239 ex
723 1165 872 1260 antiquo
884 1163 920 1240 S.
931 1163 1121 1238 Maximini
1135 1165 1209 1239 Mi·

135 1284 304 1362 ciatenfia
336 1284 526 1376 codiceim
553 1285 673 1360 locem
698 1286 785 1362 editi
803 1283 921 1362 sunn-
948 1283 1033 1359 Nec
1053 1285 1208 1383 desunt,

133 1405 239 1484 Sixto
254 1403 401 1482 Senenir
417 1405 523 1500 teste,
550 1406 611 1497 qui
629 1405 666 1479 in
678 1418 801 1482 torum
811 1404 975 1481 ·Psalterii
991 1425 1124 1499 corpur
1138 1422 1208 1482 tra·

107 1579 110 1630 ,
133 1526 249 1604 &atus
276 1525 321 1598 ab
340 1523 481 1600 Hilario
497 1523 651 1620 scriptor
668 1523 757 1614 affe,
789 1525 899 1620 idque
915 1546 1009 1620 opua
1025 1529 1207 1624 integrum

132 1651 170 1724 in
186 1644 361 1744 Hispania
379 1659 504 1722 extare
525 1645 690 1725 afferant.
740 1644 871 1720 Anibi
892 1660 1015 1742 extet,
1048 1668 1117 1722 nac
1135 1669 1206 1746 ne,

134 1767 222 1846 fidae
241 1765 287 1843 fit
305 1787 419 1862 penes
441 1766 626 1844 authores.
684 1764 738 1840 At
756 1766 1083 1864 multa·suppetunt
1105 1789 1208 1868 argu-

131 1903 277 1972 menta,
310 1888 439 1980 quibua
460 1886 619 1964 Psalmoa
638 1907 766 1986 omnes
791 1887 837 1972 ab
855 1908 903 1962 eo
928 1901 1115 1965 enarrator
1136 1887 1208 1968 ess'e

134 2003 372 2109 approbetur.
406 1999 414 2106 Ἰ
1176 2035 1179 2044 ·
1266 2094 1268 2098 ¹

234 2128 357 2204 Primo
371 2125 514 2220 quiden
531 2129 570 2203 in
586 2125 639 2203 Ps.
658 2145 742 2216 142.
759 2133 795 2224 §-
810 2149 844 2204 a.
858 2127 1044 2206 manifeste
1056 2130 1207 2229 indicat,

134 2249 169 2328 se
190 2249 245 2357 de·
260 2249 374 2322 tertio
400 2245 589 2324 matianum
612 2243 784 2326 iiabuiffe.
833 2249 1005 2343 idipsum
1025 2251 1071 2326 de
1092 2275 1151 2346 37.
1168 2253 1208 2330 im

130 2371 184 2449 Ps.
211 2373 273 2468 69.
294 2375 328 2464 §.
353 2391 384 2445 1.
408 2369 471 2443 etsi
494 2369 604 2464 panio
625 2366 813 2444 obscurius
829 2367 1014 2468 fignificat
1065 2372 1126 2447 Do
1143 2397 1206 2468 44.

135 2507 257 2568 autern
278 2485 463 2585 perspicua
483 2487 564 2564 sunt
577 2489 670 2562 iliius
686 2491 802 2566 verba
820 2490 858 2565 in
873 2488 925 2567 Ps.
942 2512 999 2586 59.
1015 2498 1049 2586 §.
1065 2514 1102 2568 a.
1152 2493 1207 2570 lta

133 2613 170 2688 ta
188 2633 238 2687 ex
252 2611 375 2686 verbis
391 2610 497 2703 ipsrua
510 2611 548 2684 in
563 2606 616 2686 ts.
635 2627 717 2704 149.
741 2611 774 2701 §.
799 2631 831 2686 a.
855 2611 918 2683 vix
933 2612 1062 2708 ambigi
1082 2623 1206 2709 queat,

131 2735 221 2829 quin
238 2728 396 2807 Psalmos
413 2751 473 2826 95.
490 2729 524 2805 ἀ
544 2751 605 2827 97.
627 2731 864 2805 enarraverit.
884 2785 888 2792 .
919 2729 1074 2806 Demum
1094 2736 1132 2807 in
1151 2733 1205 2812 Ps.

134 2875 220 2948 15⁰·
243 2853 282 2948 ς.
314 2873 346 2928 ι.
372 2852 531 2924 declarat
555 2847 592 2923 se
608 2853 643 2923 ἀ
664 2850 987 2946 quinquagenarum
1008 2850 1207 2932 &centeii-

130 2995 233 3052 mum
261 2965 461 3067 empticaiie.
509 2967 583 3044 'Ex
608 2969 736 3062 quibua
756 2965 972 3067 conficitur,
1005 2974 1049 3050 ab
1064 2972 1207 3053 Hilario

133 3091 324 3190 expolitos
346 3089 415 3167 effe
431 3089 485 3166 Ps.
505 3109 538 3183 3.
560 3109 618 3182 57.
632 3113 692 3184 44.
711 3109 769 3178 5ο.
788 3109 847 3187 95.
863 3091 923 3190 97.
946 3113 1026 3169 roo.
1041 3095 1207 3185 quamvis

129 3191 498 3294 mororn'eosnrhir
515 3211 721 3286 habeam.
774 3210 950 3288 sane-vix
970 3214 1207 3291 urrasucurrrt

129 3337 252 3430 ratio,
293 3351 357 3405 eur
377 3337 454 3406 no'n
473 3344 596 3406 totum
616 3329 823 3409 Psalterium
847 3347 1111 3408 commentatur
1136 3335 1208 3413 effe

85 3503 87 3526 ÷
133 3454 380 3549 existimetur,
424 3453 485 3544 qui
507 3465 589 3546 tot,
628 3466 772 3546 tamque
794 3476 815 3528 a
841 3452 876 3528 se
896 3452 1029 3528 diffitoa
1050 3452 1208 3532 Psalmoa

131 3576 342 3667 enarravit,
366 3573 464 3648 nulla
481 3595 636 3664 unquam
651 3569 822 3666 promissa
844 3571 1115 3658 admonitione,
1142 3596 1207 3654 cur

129 3697 408 3790 tanumpotius,
435 3711 539 3786 quam
558 3695 710 3768 alterum
728 3693 867 3772 tranet

237 3813 1207 3916 Necmultoleviusargumentumsuppeditantiiloci,

127 3940 172 4016 in
199 3936 330 4032 quibua
351 3934 388 4010 se
416 3935 461 4010 de
492 3936 600 4008 rebare
634 3937 819 4010 nonnullis
851 3935 1062 4028 frequenter
1101 3937 1208 4035 egiss'e

128 4063 421 4151 commemorat,
448 4073 595 4149 quarum
612 4055 753 4130 mentio
768 4056 805 4130 in
821 4054 1061 4150 superioribus
1083 4055 1210 4133 tratia-

127 4183 256 4275 tibua,
290 4179 351 4274 qni
371 4176 484 4254 modo
510 4188 658 4269 extant,
693 4175 791 4250 nulla
815 4179 995 4254 occurrit.¹
1039 4176 1208 4270 Namque

131 4302 236 4400 qnod
257 4297 521 4402 Jaesassaiararis
535 4296 590 4397 91,
613 4293 649 4372 se
668 4293 759 4392 sepe
776 4296 900 4376 dixiss‘e
912 4301 950 4374 in
967 4295 1018 4374 rt
1032 4301 1134 4393 5²·§·
1148 4303 1206 4382 18.

244 4445 252 4460 ‘
1053 4439 1159 4496 teto·
