2742 4959
770 235 772 258 Ι
783 215 798 246 ο

277 489 288 528 Ι

501 591 730 694 trm·
769 614 823 694 11.
981 717 986 728 ⁶
1147 643 1198 720 49

123 807 196 866 em
220 781 475 874 &inumbrans
499 780 617 854 virtus
638 775 801 854 Altiffimi
820 777 1031 855 moliuntur.
1083 778 1197 860 Aliud

125 883 367 982 intelligitur,
393 879 487 954 aliud
502 876 667 968 videtum
695 878 789 954 aliud
805 879 936 972 oculis,
964 881 1059 954 aliud
1075 885 1196 972 animo

129 982 364 1075 conspicitur.
414 979 512 1054 Parit
531 979 589 1052 vir
614 999 660 1054 o:
685 993 807 1073 partus
824 999 844 1051 a
860 978 946 1052 Deo
961 979 1022 1056 est.
1074 982 1196 1056 inians

118 1087 255 1182 magite
283 1079 470 1157 laudantes
490 999 621 1180 Angeii
644 1078 847 1154 audiuntur.
899 1075 1011 1154 Penni
1030 1079 1196 1159 sordent:

127 1185 236 1262 neus
251 1181 433 1258 adoratur.
483 1178 539 1252 lta
550 1176 739 1272 potestatis
753 1178 905 1276 digniter
915 1199 992 1253 non
1007 1182 1197 1277 amittitur,

132 1287 219 1360 dum
238 1281 353 1354 carnis
368 1279 548 1358 humilitas
568 1278 773 1370 adoptatur.

210 1390 268 1462 28.
293 1379 362 1454 Par
384 1381 492 1454 etiam
516 1379 661 1468 reliquae
692 1377 742 1451 est
766 1375 885 1451 cursus
911 1380 1036 1454 etatis.
1100 1379 1199 1458 Nam

135 1503 245 1556 omne
261 1495 424 1574 tempus,
457 1477 556 1570 quod
574 1481 612 1552 in
635 1478 783 1553 homine
801 1479 896 1573 egit,
931 1479 1001 1554 Dei
1025 1483 1198 1574 operibus

133 1581 310 1678 explevit.
337 1647 343 1658 „
361 1579 420 1654 De
433 1577 573 1676 srngulir
585 1598 662 1654 non
678 1575 879 1670 esttempus
894 1578 1032 1653 dicere:
1058 1596 1199 1658 tantum

133 1679 224 1758 allud
243 1680 281 1754 in
302 1678 475 1754 universrs
496 1680 672 1754 virtutum
701 1676 734 1751 δι
763 1679 989 1754 curationum
1007 1683 1199 1777 generibus

134 1779 383 1854 contuendum
416 1778 488 1856 est,
529 1781 567 1852 in
594 1780 710 1851 carnis
734 1777 970 1871 assumptione
993 1779 1200 1882 hominem,

131 1879 257 1956 Deum
279 1899 372 1951 vero
393 1880 430 1950 in
445 1875 548 1971 gestis
569 1880 676 1949 rebus
693 1877 867 1952 exsistere.

193 2001 273 2072 cp.
300 1977 358 2049 De
380 1974 502 2068 spiritu
523 1988 643 2048 autem
661 1974 780 2048 sanilo
803 1997 872 2048 nec
891 1989 1011 2049 tacere
1032 1990 1199 2071 oportet,

85 2119 89 2182 l
131 2099 207 2154 nec
223 2076 325 2166 loqui
341 2071 480 2148 necesse
494 2073 560 2147 est:
585 2072 645 2152 sed
661 2074 751 2148 sileri
767 2075 920 2158 anobis,
946 2097 1074 2152 eorum
1082 2076 1200 2171 causa,

85 2187 89 2246 l
133 2180 199 2271 qni
223 2175 403 2264 nesciunt,
432 2195 509 2248 uon
530 2170 659 2268 potest.
709 2172 831 2265 Loqui
849 2188 966 2250 autem
990 2176 1036 2250 de
1052 2197 1100 2250 eo
1121 2197 1202 2251 non

85 2249 90 2346 i
134 2273 278 2354 necesse
292 2273 355 2364 est,
383 2276 442 2364 qui
457 2269 711 2351 PaucorFilio
722 2273 941 2367 tucioribur,
968 2273 1200 2354 confitendus

137 2375 201 2452 est.
252 2372 301 2446 Et
326 2374 467 2465 quidem
488 2388 603 2468 puto,
636 2394 680 2446 an
696 2373 760 2466 fit,
791 2395 867 2450 non
882 2374 1200 2455 eisetrattandum.

139 2473 203 2548 Est
219 2475 334 2562 enim3
361 2474 505 2567 quando
527 2472 669 2565 quidem
687 2473 863 2564 donatur,
889 2476 1078 2573 accipitur,
1103 2479 1204 2552 obti-

85 2633 88 2648 .
137 2589 266 2662 netur3
304 2576 364 2664 qui
387 2572 597 2648 confeffioni
623 2571 735 2647 Patria
761 2573 796 2646 δι
819 2573 898 2646 Filii
916 2596 1104 2647 connexus
1129 2576 1200 2667 est,

85 2733 87 2744 .
140 2695 218 2750 non
235 2672 355 2767 potest
371 2694 390 2744 a
408 2671 628 2747 consessione
642 2671 755 2744 Patris
774 2671 902 2746 &Filii
919 2672 1082 2763 separari.
1133 2674 1227 2764 lma,

141 2772 337 2871 persesium
363 2774 457 2848 enim
482 2771 534 2845 est
560 2772 665 2843 nobis
693 2782 834 2861 totum,
867 2770 1044 2864 sialiquid
1069 2772 1156 2848 desit
1182 2795 1204 2847 a

139 2887 239 2948 toto.
289 2873 349 2945 De
371 2892 444 2964 quo
463 2870 488 2944 sr
507 2871 585 2958 quis
600 2870 843 2965 intelligentiae
859 2868 987 2944 nostrae
1003 2869 1136 2946 sensum
1149 2893 1205 2946 re-

141 2975 280 3064 quiret,
314 2972 351 3043 in
377 2968 562 3062 Apostoio
590 2969 737 3064 legimus
759 2972 883 3046 ambo:
919 2972 1101 3071 Quoniam
1121 2972 1204 3048 estis

141 3071 205 3146 lilii
224 3071 318 3163 Dei,
343 3070 434 3143 misrt
452 3069 551 3142 Deus
565 3066 734 3159 Spiritum
752 3063 815 3142 lilii
835 3068 884 3144 sui
898 3070 933 3143 in
952 3072 1064 3145 corda
1083 3069 1205 3148 nostra

85 3245 87 3254 ,
143 3175 375 3260 clamantem,
400 3170 506 3242 Abba
523 3181 636 3262 pater.
687 3165 736 3243 Et
747 3167 902 3246 rursum:
925 3167 1055 3246 Nolite
1073 3174 1208 3245 contri·

85 3271 88 3362 ξ
141 3271 232 3348 liare
251 3270 421 3365 Spiritum
439 3267 592 3343 sensium
610 3265 701 3361 Dei,
727 3271 851 3360 inquo
870 3269 993 3364 signati
1012 3270 1104 3347 estis.
1155 3268 1207 3344 Et

141 3372 291 3448 iterum:
319 3371 441 3468 „Nos
468 3387 585 3442 autem
606 3389 682 3440 non
705 3368 862 3461 spiritum
883 3370 988 3460 hujus
1008 3371 1129 3444 mundi
1149 3391 1207 3443 ac-

142 3519 172 3566 „
197 3472 377 3565 cepimus,
413 3469 471 3545 sed
489 3468 679 3562 spiritum,
711 3469 772 3559 qui
793 3490 838 3540 ex
860 3468 941 3544 Deo
955 3467 1029 3562 est,
1062 3485 1104 3542 ut
1125 3468 1209 3544 scia·

103 3583 107 3590 “
144 3619 172 3664 ,,
197 3593 298 3664 mus,
324 3592 401 3661 quae
419 3569 541 3642 aDeo
559 3567 693 3644 donata
718 3566 929 3642 suntnobis.
981 3566 1032 3644 Et
1052 3568 1208 3645 rursumr

141 3723 171 3765 „
197 3672 279 3744 Vos
308 3686 523 3743 autemnon
544 3667 680 3740 estisin
705 3687 833 3762 carne,
871 3667 982 3741 sedin
999 3667 1146 3762 spiritu;
1182 3669 1209 3745 st

143 3823 173 3866 „
198 3785 317 3842 tamen
334 3770 486 3862 Spiritus
501 3767 572 3840 Dei
589 3768 625 3838 in
636 3767 744 3840 vobis
757 3765 818 3840 est„
845 3849 849 3861 ¹
868 3766 905 3841 Si
916 3770 993 3859 quis
1005 3768 1210 3863 autemSpi·

143 3921 172 3970 „
198 3872 308 3942 ritum
324 3867 451 3944 Christi
463 3889 537 3942 non
553 3867 675 3959 habet,
704 3867 763 3938 hic
776 3887 851 3941 non
865 3865 916 3940 est
931 3869 1020 3960 ejus.
1070 3869 1120 3942 Et
1134 3889 1212 3942 rur-

142 4023 175 4070 „
199 3970 292 4043 sum:
327 3968 362 4040 si
382 3983 501 4046 autem
521 3965 672 4058 Spiritus
690 3967 788 4060 ejus,
816 3965 875 4060 qui
896 3966 1078 4042 suscitavit
1091 3967 1212 4067 Jesum

142 4119 172 4165 „
198 4069 416 4159 amortuis,
449 4066 643 4142 habitatin
668 4066 799 4161 vobis,
839 4067 898 4160 qui
912 4065 1094 4141 suscitavit
1110 4065 1212 4142 Chri·

138 4223 173 4270 „
198 4169 288 4243 stum
308 4170 508 4257 amortuis,
534 4162 783 4240 vivificabit&
798 4168 964 4242 mortalia
978 4185 1137 4263 corpora
1150 4189 1214 4241 ve·

140 4323 175 4370 „
201 4270 270 4343 stra
294 4281 445 4360 propter
461 4265 631 4360 Spiritum
649 4264 768 4362 suum,
806 4269 868 4360 qui
880 4265 1020 4352 habitat
1034 4268 1070 4344 in
1090 4266 1213 4352 vobit.

190 4375 230 4446 S.
260 4372 388 4444 tutaris·
417 4360 562 4443 limi.
784 4363 822 4446 D
999 4363 1163 4466 „Unda
