2742 4959
194 679 286 738 cxvr
419 728 422 732 .
530 653 568 730 S.
617 655 925 734 Hr'nnarr

197 818 367 900 Ecclefiae
381 814 594 895 christinun
602 819 719 896 miuus
729 817 894 896 infestum
904 796 1134 917 existimaret,
1159 841 1266 919 quam

201 942 290 1019 olim
305 933 607 1033 fuerantDecius,
631 929 872 1016 Maximianua
884 943 1013 1036 aliique
1023 947 1189 1038 tyranni3
1204 947 1268 1024 ein·

201 1065 347 1163 dignum
374 1058 479 1153 ipsura
496 1058 712 1134 fortitudine
730 1059 946 1157 videbatur,
971 1076 1015 1136 ut
1033 1065 1192 1156 martyrii
1207 1063 1268 1159 spe

145 1243 150 1253 ,
201 1182 397 1275 accensus,
429 1198 499 1273 eo,
532 1196 607 1273 quu
622 1181 921 1280 poteratmudo,
937 1175 1123 1259 “Ecclesia
1140 1184 1269 1264 consu.-

198 1307 304 1382 leret.

301 1418 472 1498 Ceterum
487 1414 678 1493 Facundus
701 1432 830 1496 contu
849 1418 1061 1499 Mocianum
1080 1425 1118 1498 in
1137 1422 1266 1499 Hilari·

199 1565 275 1627 um,
300 1544 404 1617 velut
419 1541 455 1616 in
475 1537 736 1614 moderationis
751 1544 932 1636 exemplar
945 1543 1071 1637 respici
1086 1546 1202 1637 jubet,
1230 1545 1266 1621 bt

200 1684 280 1761 qua
301 1657 508 1738 adversariis
526 1656 618 1752 suis,
653 1680 747 1753 quos
764 1661 848 1735 zelo
873 1662 1088 1738 ferventiori
1110 1687 1264 1763 peccare

200 1782 399 1875 existimat,
425 1779 572 1852 virtutis
587 1780 693 1873 hujue'
707 1784 871 1875 exempla
890 1784 1060 1860 imitanda
1076 1789 1268 1884 proponit,

198 1926 247 1981 ex
265 1903 343 2000 ipso
358 1903 432 1976 hoc
450 1900 546 1973 libro
561 1900 710 1993 prebet

301 2020 351 2096 Et
374 2033 475 2097 certe
496 2041 518 2094 a
538 2017 713 2094 Facundo
733 2019 942 2098 moderatus
964 2043 1008 2097 ac
1024 2024 1179 2120 prudent
1198 2022 1270 2104 Ec·

198 2146 311 2222 cleliae
323 2145 543 2241 gubernator
557 2160 658 2216 exeo
669 2142 766 2215 libro
784 2144 974 2238 approbari
991 2149 1121 2221 merito
1130 2147 1267 2243 potest,

198 2267 284 2341 dum
298 2264 440 2339 duobus
455 2262 620 2334 tribusve
628 2259 805 2334 hereseos
815 2260 1018 2338 fautoribus
1027 2280 1155 2363 negata
1166 2289 1268 2345 cum·

84 2363 86 2388 ’
197 2385 385 2476 munione,
413 2380 541 2454 ceteris
555 2380 777 2474 refipiscendi
795 2379 1000 2458 facultatem
1011 2386 1267 2488 indulgendam

199 2494 384 2592 decernit3
411 2502 497 2575 dum
512 2499 585 2573 hoc
600 2485 784 2575 decretum
799 2499 897 2576 suum
915 2502 1159 2580 confessorum
1173 2508 1270 2601 judi·

198 2629 259 2703 cio
275 2646 315 2699 ac
333 2624 468 2718 placito
484 2620 681 2717 permittit3
706 2620 789 2696 dum
806 2622 938 2696 nullam
953 2625 1086 2720 respuit
1101 2627 1268 2702 ineundae

198 2749 297 2845 pacis
312 2746 495 2820 honestam
511 2738 783 2831 conditionem
811 2743 893 2815 dum
902 2744 964 2819 etsi
978 2743 1097 2837 iniqua
1106 2747 1262 2822 fautione

198 2870 401 2963 relegatus,
428 2878 514 2936 totu
529 2876 649 2936 minen
665 2862 763 2936 exilii
778 2861 827 2935 sui
848 2867 1116 2966 temporeqnihil
1135 2884 1263 2943 contra

197 2988 388 3064 baereticos
410 2982 530 3054 scribit
553 2979 726 3056 famosum
747 2999 810 3056 aut
832 2983 1064 3076 maledicum
1098 2988 1179 3062 dum
1202 2986 1265 3061 Se·

195 3107 322 3184 leucio
338 3125 379 3177 ac
393 3098 709 3194 Constantinopoli
727 3104 778 3174 ita
793 3123 873 3179 cum
890 3109 1056 3181 omnibus
1073 3109 1207 3181 urbane
1226 3107 1264 3183 se

198 3230 311 3325 gerit,
344 3237 386 3296 ut
407 3220 590 3295 Anomaeis
613 3220 739 3314 etiarn,
772 3225 932 3317 aquibus
947 3228 1184 3301 vehementer
1201 3230 1261 3301 ab·

192 3345 393 3434 horrebat,
421 3342 560 3415 facilem
580 3340 675 3415 adse
696 3341 829 3417 aditum
845 3348 1022 3439 prebeat,
1048 3365 1090 3419 ac
1104 3346 1260 3439 placide,

185 3443 235 3542 'br
254 3461 443 3555 tranquille
463 3458 699 3553 blasphemias
720 3483 847 3540 eorum
868 3465 1067 3547 auscultet,
1102 3464 1185 3537 dura
1201 3464 1263 3539 de·

198 3586 307 3677 nique
325 3580 486 3654 sermone
504 3576 627 3652 usurus
645 3579 925 3674 uehementiori,
951 3584 993 3660 ad
1005 3585 1042 3659 id
1056 3582 1262 3681 senonsua3

197 3705 258 3781 sed
273 3701 399 3776 Christi
414 3697 514 3772 causa
529 3697 717 3798 addubtuen
732 3699 802 3776 esse
822 3718 925 3781 tanta
943 3723 1049 3798 cura,
1080 3719 1262 3801 tantoque

199 3826 316 3904 studio
331 3816 587 3916 premonstrat.

222 3940 225 3944 ’
298 3942 588 4029 concreatum,
613 3937 667 4012 uel
677 3937 875 4015 Auxentium
890 3942 1162 4039 Mediolanensem
1178 3946 1261 4021 liber

195 4087 292 4148 lilim.

294 4182 399 4277 Opus
413 4178 487 4255 hoc
496 4176 690 4272 inantiquu
701 4172 840 4268 Codice
851 4178 1079 4264 carnotensis
1088 4181 1255 4262 Eccleliae

192 4307 411 4385 inscribitur:
445 4283 590 4400 appula
613 4299 656 4372 us
676 4296 854 4375 &alueos
881 4303 919 4378 eie
945 4295 1154 4384 meulent.
1211 4305 1254 4385 In

150 4461 163 4478 ι
1105 4445 1209 4522 quum
