2742 4959
500 644 886 734 ÷s,c.n·1.a,·ra.,·:
1078 665 1224 740 amu

129 808 271 888 ordine.
285 809 463 904 veniunt,
483 808 531 884 ,ἀ
552 830 632 903 quae
654 830 737 886 cum
762 785 1207 899 atilluureseioderdum

131 933 246 1009 variis
263 931 300 1005 in
317 932 411 1007 locis
428 927 662 1006 acatholicis
679 929 824 1025 statuta,
850 944 926 1006 tum
942 930 986 1006 ad
1004 929 1115 1025 ipsum
1122 953 1208 1028 pro·

130 1052 364 1150 pugnandum
389 1054 434 1126 ab
456 1049 609 1128 Ursacio
628 1043 844 1158 &Valente
857 1064 1008 1134 tentata
1059 1048 1116 1127 Ex
1131 1069 1206 1146 quo
1265 1145 1268 1152 Ι

132 1185 306 1268 apparet,
338 1172 513 1248 Hilarium
535 1174 705 1248 hoe-uno
720 1173 821 1248 libro
849 1171 1020 1264 quidquid
1039 1171 1075 1248 in
1097 1155 1216 1258 Orci-1

132 1292 246 1367 dente
254 1293 392 1368 horeste
401 1293 535 1368 Ariana
546 1291 702 1390 gellerit,
721 1292 1031 1389 comprehendere
1040 1292 1207 1373 voluiffe.

176 1399 180 1404 ’
232 1409 402 1506 Namque
434 1435 515 1490 cum
547 1416 585 1487 in
612 1413 667 1488 his
693 1414 853 1510 partibus
883 1409 978 1488 fidei.
995 1412 1210 1492 defensores:

130 1529 332 1636 Arelatenli
353 1534 495 1627 synodo
520 1535 702 1628 expellere
716 1527 887 1627 cepisset,
922 1553 987 1608 eos
1004 1554 1080 1610 non
1097 1531 1205 1632 fidei,

131 1650 191 1728 sed
218 1654 325 1727 unius
357 1652 540 1728 Athanasii
573 1655 685 1752 gratia
715 1654 753 1727 in
785 1652 930 1730 exilium
967 1652 1102 1747 ejeuos
1134 1652 1206 1732 effe

85 1771 89 1804 ἰ
134 1772 249 1868 vulgo
276 1769 465 1866 persuairt3
510 1765 625 1867 adeo,
665 1773 791 1847 uthic
818 1793 921 1848 error
946 1794 1064 1870 prope
1090 1776 1206 1852 omni·

133 1892 576 1986 umoccuparltmentes,
612 1905 672 1967 tot
688 1893 891 1970 sacerdotes
908 1895 1070 1988 idcirco,
1104 1895 1205 1987 quod

131 2009 170 2084 irr
192 2009 291 2085 illum
318 2011 528 2088 sententiam
554 2034 631 2088 non
657 2014 828 2108 ferrent,
885 2016 1062 2109 exulare,
1112 2037 1207 2092 eam·

134 2149 205 2222 que
214 2149 292 2204 non
304 2130 386 2207 satis
400 2132 539 2229 dignam
552 2132 703 2229 suscepti
716 2134 814 2209 exilii
830 2131 978 2210 causam.
1029 2120 1206 2214 Errorem

96 2285 100 2310 ι
133 2251 233 2326 illum
250 2250 660 2348 sanareeupitHilariur‚
686 2273 768 2329 curu
779 2253 958 2330 mendacis
968 2255 1106 2332 haeresis
1119 2273 1206 2353 pro·

132 2371 267 2471 mellus
284 2373 520 2469 explicand0‚
547 2396 625 2449 earn
641 2395 719 2449 non
739 2376 844 2449 unius
864 2375 1045 2470 hominis,
1070 2375 1129 2450 sed
1146 2391 1204 2449 to·

134 2493 205 2567 tiua
222 2490 308 2570 fidei
323 2495 568 2589 expulsionem
587 2493 769 2590 suscepille
787 2515 832 2570 ex
850 2492 926 2590 ipse
939 2496 1040 2571 exitu
1053 2497 1204 2572 demon·

133 2611 231 2690 strat.
264 2705 267 2710 Δ
283 2617 469 2714 Quocirca
483 2616 654 2718 quidquid
670 2636 717 2690 ex
735 2614 843 2687 variis
856 2617 1021 2716 conciliis
1032 2618 1202 2712 exponit,

98 2719 101 2724 ¹
133 2734 305 2838 aduttum
323 2733 548 2811 Ariminense
561 2750 728 2828 tanquam
746 2733 790 2808 ad
808 2729 915 2807 finem
925 2734 1051 2828 refert,
1069 2737 1114 2832 in
1127 2755 1202 2827 que

134 2869 259 2950 aperte
275 2857 448 2951 patefecit
462 2858 612 2939 bareis,
639 2854 724 2948 quid
739 2853 981 2947 superioribus
999 2857 1202 2933 moliretur.

134 2975 274 3052 Hincli
294 2995 352 3050 rea
368 2974 517 3070 sperus,
543 2978 617 3051 hoe
632 2975 729 3049 libro
750 2989 957 3070 contentas,
983 2977 1137 3072 plurium
1147 2974 1202 3072 sy-

134 3095 337 3186 nodorum
369 3097 394 3173 st
420 3094 591 3191 scopum,
629 3097 735 3171 unius
762 3095 994 3182 Ariminenfis
1017 3098 1200 3174 historiam

133 3216 323 3314 complesti
345 3217 518 3298 dicendus
537 3217 608 3302 est.
665 3217 897 3302 Curruautem
922 3218 1027 3311 hujus
1054 3217 1202 3293 concilii

131 3341 284 3415 maxime
308 3338 482 3433 Ursacio,
518 3340 729 3413 &Valente
756 3326 966 3422 instantibus
985 3352 1057 3414 tarn
1074 3338 1201 3414 infelix

132 3459 250 3533 exitur
270 3458 401 3543 fuerit,
426 3477 504 3535 non
523 3461 615 3537 male
626 3457 842 3550 inscribatur
862 3472 992 3531 contra
1007 3441 1099 3534 riuos
1116 3462 1201 3534 illor

95 3613 100 3642 2
130 3573 273 3654 Ariane
287 3577 387 3654 settae
404 3581 536 3674 duces,
554 3587 722 3672 ‘quorum
742 3575 891 3672 perfidia
912 3599 988 3656 uon
1011 3601 1055 3654 ex
1079 3581 1121 3653 iir
1145 3577 1201 3652 so-

133 3697 221 3790 lum,
248 3718 326 3791 quae
344 3698 557 3776 Ariminensr
574 3700 612 3771 in
633 3700 789 3791 lynodo,
818 3721 859 3774 rc
873 3699 955 3792 post
970 3702 1086 3773 moliti
1103 3697 1197 3792 sunt,

132 3815 191 3894 sed
206 3819 242 3892 ἀ
256 3841 303 3894 ex
316 3819 470 3915 pristinis
488 3839 616 3893 eorum
632 3816 716 3892 attis
728 3822 1001 3912 comprobatur.
1052 3817 1109 3893 Ex
1122 3819 1199 3912 qui·

132 3941 199 4016 bua
227 3939 363 4018 rursum
391 3963 472 4016 cum
492 3940 726 4032 Hieronymo
749 3941 965 4016 conciliatur
989 3939 1071 4016 libri
1091 3939 1196 4032 hujus

129 4063 167 4139 in
180 4061 314 4138 nostris
329 4060 416 4138 utu.
437 4061 634 4156 inscriptio.
646 4060 675 4102 “

203 4191 210 4212 '
228 4185 342 4280 Juvat
359 4184 466 4260 etiam
487 4182 660 4276 subjicere
675 4179 968 4262 schema-veteris
977 4175 1198 4279 fragmento·

129 4303 361 4392 rumordiuir
378 4325 460 4382 tum
478 4324 586 4380 novo
609 4305 844 4401 comparuti.¹
874 4362 888 4408 .·
1047 4375 1049 4380 .
1165 4359 1168 4366 ·

164 4437 284 4532 2733
562 4473 566 4495 ,
626 4399 738 4518 is‘
1042 4441 1150 4499 erpo
