2742 4959
452 669 460 686 ·
520 603 742 737 Laena
790 653 821 737 1.
1165 679 1213 764 ¹9

120 825 219 926 nula
242 809 517 921 intelligentiam
548 843 586 900 m
631 822 660 897 ‘s
685 818 880 923 significet,
914 840 1021 917 quam
1044 827 1208 923 expleat:

90 983 92 996 .
132 945 256 1021 neque
274 925 410 997 naturis
429 922 600 997 carnis&
630 922 772 1019 pinitus,
799 922 1075 1014 &invisibilium
1087 948 1129 1002 ac
1137 943 1208 1006 tra·

89 1005 94 1108 i
136 1027 318 1104 trebrium
330 1021 565 1115 ‚coaequandis
579 1022 764 1118 praesumta
773 1034 974 1119 reputetur,
1000 1026 1207 1121 protestans

89 1121 93 1200 l
138 1130 174 1204 ὰ
188 1121 383 1200 infirmitati
400 1120 436 1198 se
449 1124 611 1198 humane
628 1124 872 1221 intelligentie
887 1122 1137 1222 necessariam,
1171 1129 1208 1204 dt

89 1217 93 1232 '
137 1228 183 1304 ab
192 1224 328 1302 invidia
337 1221 407 1297 esse
416 1222 901 1299 liberamnonsatisfacientls
910 1227 1076 1322 exempli.
1123 1227 1208 1303 Per·

135 1328 251 1426 gimus
270 1321 392 1417 itaque
408 1323 454 1398 dc
474 1323 557 1397 Deo
572 1324 733 1397 locuturi
746 1322 819 1397 Dei
839 1325 975 1417 uerbis,
1003 1324 1138 1403 sensum
1151 1341 1205 1404 ta·

88 1509 90 1516 ,
126 1422 401 1504 'men‘nostrnm
416 1411 749 1499 rerunnostrlrum
765 1421 880 1517 specie
895 1425 1111 1502 imbuentes.

88 1605 90 1612 ,
155 1551 161 1558 ·
212 1547 272 1600 ne.
298 1521 357 1599 Ac
381 1526 532 1617 primum
554 1523 604 1597 ita
619 1524 734 1597 totius
751 1522 883 1617 Operis
902 1524 1049 1600 modum
1068 1540 1206 1624 tempe·

138 1627 310 1720 ravimus,
336 1638 378 1697 ut
397 1624 585 1719 sptiffimus
610 1624 805 1722 legentium
822 1622 1045 1717 profestibus
1065 1647 1206 1703 conne·

136 1745 269 1801 uorum
290 1724 352 1800 srbi
374 1725 579 1800 libellorum
598 1723 693 1798 ordo
714 1722 933 1799 succederet.
984 1723 1085 1799 Nihil
1107 1729 1203 1805 enim

136 1823 416 1918 incompositum
432 1822 713 1921 indigestumque
721 1824 857 1916 placuit
867 1821 1015 1896 afferre:
1041 1844 1088 1898 ne
1102 1824 1203 1919 Ope·

137 1924 185 1997 ris
202 1917 606 2019 inordinata'congeries
621 1923 790 1996 rusticum
805 1922 992 2016 quemdam
1010 1927 1204 2002 tumultum

96 2051 100 2058 ·
138 2026 350 2119 perturbata
368 2020 635 2095 vociferatione
649 2023 839 2115 preberet.
898 2020 968 2096 Sed
983 2023 1065 2113 quia
1082 2027 1206 2100 nullus

137 2143 203 2218 per
224 2135 403 2218 prerupta
426 2118 637 2193 conscensus
659 2119 730 2215 est,
756 2120 818 2194 nisr
838 2118 1017 2195 substratis
1032 2124 1205 2217 paulatim

138 2221 304 2320 gradibus
325 2218 461 2296 seratur
481 2218 613 2318 gressus
636 2221 678 2294 ad
693 2219 843 2311 summa3
870 2241 938 2295 nos
953 2241 1206 2317 quoquequae-

138 2324 217 2397 dam
239 2319 420 2419 gradiendi
434 2321 533 2395 initia
548 2321 779 2414 ordinantes,
812 2321 959 2396 arduum
978 2322 1051 2397 hoc
1072 2325 1203 2400 intelli·

138 2424 265 2521 gentiae
283 2422 352 2493 iter
370 2421 473 2494 clivo
489 2420 582 2515 quasr
600 2424 770 2494 molliore
790 2422 1003 2513 lenivimus,
1040 2444 1115 2497 non
1129 2427 1203 2516 jam

138 2523 304 2617 gradibus
327 2520 498 2613 incisum,
523 2518 583 2595 sed
599 2523 747 2617 planitie
765 2520 980 2615 subrepente
999 2523 1202 2618 devexum,

137 2636 180 2694 ut
196 2641 315 2716 prope
336 2621 409 2695 srne
422 2620 664 2700 scandentium
679 2620 801 2714 sensu,
828 2622 989 2694 euntium
1004 2619 1205 2716 proficeret

139 2715 368 2804 conscensus..
1208 2732 1212 2740 '

213 2842 272 2895 21.
299 2819 383 2894 Post
401 2821 497 2894 hunc
511 2819 605 2893 enim
615 2818 716 2912 primi
728 2818 832 2911 huius
842 2816 1014 2892 sermonis
1028 2820 1202 2918 libellum,

85 2965 89 2978 ·
138 2917 286 3016 sequens
305 2922 354 2992 ita
373 2918 627 2993 sacramentum
645 2917 778 2991 edocet
793 2917 924 2993 divinae
938 2922 1202 3017 generationis,

138 3035 179 3095 ut
197 3020 404 3114 baptizandi
430 3019 468 3092 in
498 3019 603 3092 Patre
621 3015 762 3092 &Filio
781 3018 815 3093 st
836 3018 969 3114 Spiritu
986 3019 1103 3094 sancto
1125 3041 1203 3099 non

137 3120 308 3218 ignorent
323 3120 509 3194 nominum
524 3119 737 3213 veritatem,
763 3140 880 3212 neque
896 3124 1085 3194 uocabulis
1097 3121 1210 3196 intele

138 3219 568 3319 ligentiamconsundant,
593 3218 1204 3313 sedunumquodqueitasensucon·

138 3321 298 3414 cipiant‚
331 3336 372 3395 ut
388 3319 459 3414 est,
486 3340 527 3394 ac
542 3332 790 3412 nuncupatur3
826 3320 979 3416 agnituri
999 3320 1203 3395 absolutiss-

136 3421 250 3495 mein
270 3421 334 3512 iis,
368 3442 446 3513 quae
462 3419 552 3494 ditia
572 3418 671 3512 sunt,
707 3419 805 3511 quod
819 3440 936 3514 neque
954 3440 1029 3492 non
1051 3419 1123 3514 ipsa
1140 3444 1203 3495 ve·

134 3521 225 3594 ritas
242 3520 285 3594 llt
297 3522 475 3602 nominis,
499 3539 617 3612 neque
634 3540 709 3593 non
728 3539 862 3592 nornen
883 3516 924 3592 srt
941 3521 1117 3596 veritatis.

216 3639 272 3695 er.
299 3620 383 3698 Post
407 3620 503 3696 hunc
524 3620 645 3711 itaque
665 3621 785 3696 lenem
812 3640 853 3692 ac
876 3622 1028 3693 brevem
1054 3620 1203 3699 demon·

131 3715 255 3794 strate
269 3720 458 3796 Trinitatis
474 3718 689 3812 sermonem,
715 3718 843 3794 tertius
859 3719 963 3810 liber,
990 3719 1052 3794 etsr
1064 3718 1201 3815 senfim,

133 3831 259 3895 tumen
278 3821 349 3914 jam
375 3817 612 3914 proficienter
627 3818 774 3894 incedit.
825 3817 921 3895 Nam
941 3819 1002 3913 id,
1034 3820 1132 3911 qnod
1150 3821 1204 3893 ul·

133 3933 194 3993 tra
213 3921 356 3995 humani
380 3919 495 3995 sensus
511 3920 783 4016 intelligentiam
802 3918 983 3994 Dominus
1005 3918 1098 3993 dese
1117 3938 1203 4011 pro·

132 4016 245 4094 fellus
259 4020 331 4112 est,
359 4024 497 4114 quantis
516 4018 637 4114 potest
653 4021 829 4113 potentie
849 4020 1020 4115 exemplis
1034 4019 1077 4092 ad
1099 4019 1205 4097 intel·

131 4119 293 4218 ligentiac
313 4116 421 4195 fidem
442 4135 610 4214 coaptat,
635 4119 778 4197 dicens:
809 4124 872 4216 ligo
886 4127 923 4190 in
942 4124 1060 4201 Parra,
1086 4117 1125 4193 (5
1144 4122 1204 4190 Pe-

80 4221 84 4228 ’
131 4237 190 4294 rer
203 4225 244 4291 in
260 4244 323 4295 me:
349 4234 425 4313 ut„
438 4221 536 4313 quod
552 4222 595 4292 nb
619 4222 766 4297 homine
780 4241 843 4316 per
863 4235 1025 4293 naturam
1034 4220 1204 4296 hebetem

131 4339 217 4397 non
245 4321 403 4422 capitur,
437 4319 474 4395 id
495 4317 583 4396 fides
600 4322 673 4499 jagr
694 4318 918 4404 rationabilis
941 4316 1097 4492 scienfiae
1115 4336 1204 4393 con·

685 4441 712 4496 2
1051 4437 1156 4513 equa·
