2742 4959
153 180 1228 412 -

688 481 699 510 ἱ

153 619 196 716 lo
219 625 439 724 fiorilem
464 654 572 721 toto
589 631 755 750 reliquo
773 627 962 729 ouobre
976 633 1049 732 vix
1068 629 1209 748 exspe-

152 813 172 889 =,
194 787 412 902 prebuit
447 786 592 878 nobis
608 787 761 880 coelum
778 783 862 878 lioe
878 791 997 880 omni
1014 788 1130 880 nube
1148 789 1205 880 se·

152 966 213 1030 rm
274 941 537 1034 Petaffati
553 942 638 1054 jam
654 970 754 1033 cum
771 941 961 1048 essemus,
992 967 1040 1032 ut
1057 943 1201 1032 Hoch·

152 1103 232 1190 ium
248 1123 573 1217 peteremus
596 1126 699 1214 ego,
736 1097 781 1187 u
806 1102 880 1212 qui
897 1126 1065 1188 mecum
1089 1127 1202 1190 nunc

156 1258 528 1347 celeberrimus
546 1253 908 1366 Philosophorum,
939 1257 1011 1370 qui
1029 1255 1201 1354 Germa

151 1411 452 1504 romane&
476 1409 698 1511 erudiunt,
728 1386 994 1512 Memmius,
1024 1377 1199 1499 Goettin·

152 1599 194 1661 uc
208 1578 257 1661 in
277 1591 510 1687 agrum
527 1563 835 1680 Mogontinum
851 1590 903 1656 ex
919 1562 1112 1653 condicio
1130 1565 1197 1666 doe

151 1787 162 1831 ‚
187 1729 465 1842 mihique
482 1715 668 1830 junilus,
699 1722 918 1816 utmutuis
934 1720 1197 1834 amplexibus

151 1908 214 1972 um
233 1885 309 1972 ab
338 1876 571 1968 invicem
584 1869 825 1977 absentiam,
854 1874 1043 1992 (longam
1058 1904 1196 1974 aman.

150 2038 426 2139 rmoram)
470 2025 849 2140 compensaremus,
878 2032 993 2115 venit
1010 2028 1193 2128 utnobis

150 2202 312 2301 sciret,
356 2182 786 2296 vetus&inpaucis
801 2183 1195 2278 mihidilcilusomi·

164 2344 498 2443 Franekius,
523 2336 844 2427 Academiarum
859 2338 956 2429 olim
972 2343 1195 2436 Trevirerr·

150 2537 259 2600 ouoc
271 2496 621 2601 Moguntinae,
648 2521 853 2611 magnum
869 2495 912 2583 δι
930 2494 1113 2614 lucidum
1123 2493 1191 2580 de·

178 2669 284 2767 vir,
341 2657 414 2741 in
435 2672 526 2760 quo
545 2623 644 2737 illud
660 2673 709 2737 ut
731 2647 833 2765 quid
850 2654 1111 2763 praecipuum
1130 2646 1190 2736 su·

149 2846 192 2924 o,
231 2804 415 2933 quod
439 2800 534 2889 suos
550 2806 595 2889 io
610 2800 934 2915 jurisprudentia
949 2802 1189 2918 discipulos,

149 3001 222 3088 uos
250 2965 434 3058 habet
460 2952 700 3046 liberalioris
733 2960 910 3074 ingenii,
955 2957 999 3046 δι
1028 2951 1184 3071 aliquid

149 3129 290 3214 relatae
311 3114 422 3231 spei
439 3107 546 3198 de-se
567 3111 821 3225 praebentes,
852 3111 1044 3208 excolere
1059 3099 1188 3224 quam

148 3286 247 3368 imis
261 3277 426 3364 eriam
443 3263 669 3355 moralibus
679 3272 909 3383 praeceptis,
935 3272 1093 3383 privato
1107 3261 1186 3368 illis

148 3432 276 3546 penso
299 3422 454 3515 studio
469 3415 675 3511 familiaria
689 3403 1021 3537 intercolloquia,
1052 3422 1097 3508 fit
1114 3418 1185 3508 sol·

148 3593 264 3690 itus,
314 3587 459 3668 immo
481 3580 602 3666 etiam
629 3604 779 3696 magno
794 3576 882 3683 sua,
910 3566 1012 3694 'qua
1026 3576 1182 3691 pollet,

148 3746 248 3828 urin
266 3737 410 3851 patria
425 3730 493 3820 sua
509 3731 655 3837 solum,
678 3733 745 3824 sed
757 3735 867 3848 apud
876 3757 1041 3822 exteros
1059 3737 1182 3820 ctiam
1205 3716 1207 3722 ’

148 3895 375 3994 thoritate,
403 3891 446 3976 in
460 3887 603 3975 talium
618 3886 1092 4003 discipulorumsuorum
1109 3885 1182 3974 bo-

147 4077 216 4136 rm
234 4064 406 4148 utatur,
432 4066 483 4131 ut
496 4042 745 4132 muneribus
766 4044 944 4169 publicis
961 4043 1181 4160 profician-

147 4227 198 4307 r,
241 4194 383 4290 fauor
405 4197 458 4290 fic
478 4192 650 4286 suorum
669 4194 966 4314 discipulorum
982 4192 1182 4312 Magister

577 4356 682 4468 '⁸3
1005 4350 1125 4444 srmul
