2742 4959
132 184 1299 580 .-

171 635 249 717 ω
324 619 328 626 ’
375 621 412 700 8.
446 619 648 706 Httntttt
678 641 737 697 nt
769 619 1049 697 Tntntmnrm
1294 591 1299 664 ²*

176 807 299 880 neque
308 784 617 862 aliamnativitatis
631 783 759 860 habuit
768 797 945 878 naturam,
971 803 1089 876 neque
1102 787 1259 866 nullam:

177 888 239 965 sed
259 909 341 964 eum
360 884 425 960 sibi
444 886 592 962 testatur
609 882 814 975 auderem,
848 902 894 979 en
909 906 984 977 quo
1002 882 1036 959 se
1050 884 1259 980 profitetur

179 985 300 1065 exisse.
353 990 404 1060 De
429 986 484 1060 his
508 995 629 1060 autem
648 981 955 1080 demonstrandis,
993 999 1102 1078 atque
1117 987 1256 1065 intelli⁴

178 1089 307 1190 gendit
325 1086 505 1181 posterior
524 1083 611 1160 mihi
625 1081 741 1159 sermo
757 1082 824 1159 est.
1072 1151 1075 1163 ,

236 1209 318 1281 -17.
345 1187 495 1261 Interim
519 1197 640 1286 tamen
662 1183 740 1259 haec
763 1182 973 1278 videamus,
1006 1205 1075 1278 qua
1091 1186 1256 1266 hominia

122 1306 140 1332 *
157 1309 160 1318 ’
176 1275 314 1366 fidu'cia
330 1285 561 1459 intelligenda
575 1284 622 1361 de
637 1288 713 1358 Deo
729 1284 960 1380 inhibentur,
986 1306 1085 1380 que,
1112 1290 1212 1381 quod
1234 1312 1258 1366 a

180 1390 263 1463 Deo
286 1386 440 1462 desedi
477 1386 601 1479 aiant,
625 1406 712 1468 ¹non
723 1397 911 1481 negantur.
963 1384 1258 1482 ograviffimum

181 1489 347 1586 humanae
365 1485 543 1579 stultitiae,
569 1471 677 1578 atqde
699 1484 898 1559 insolentia
912 1484 1089 1580 dedecus,
1116 1487 1257 1580 profes·

182 1588 293 1664 sionis
317 1586 385 1661 suae
413 1585 459 1660 de
482 1584 518 1662 se
543 1587 656 1660 Deum
674 1607 752 1662 non
775 1584 888 1658 modo
912 1605 1061 1684 arguere
1078 1605 1156 1660 non
1177 1607 1255 1663 cte·

183 1686 323 1779 dendo,
349 1685 409 1760 sed
424 1686 648 1759 emendando
665 1685 851 1772 damnare3
878 1683 1011 1758 &illud
1020 1684 1201 1760 ineffabile
1215 1688 1259 1763 in

185 1809 236 1862 eo
253 1802 390 1859 nature
410 1784 478 1860 suae
494 1788 714 1877 virtutisque
733 1783 923 1876 secretum,
949 1787 1110 1860 humanis
1129 1803 1261 1861 conta·

184 1888 338 1978 minare,
363 1884 399 1961 dt
416 1887 624 1982 impugnare
639 1884 826 1980 doetrinis,
853 1884 887 1956 dt
904 1886 980 1958 haec
996 1885 1128 1961 audere
1141 1889 1259 1979 loqui:

184 1985 248 2080 Si,
278 1985 417 2077 inquit,
449 2007 497 2059 ex
512 1987 590 2060 Deo
607 1983 659 2060 est
672 1984 808 2078 Filius,
842 1983 1088 2079 demutabilis,
1121 1986 1261 2060 &cor-

184 2105 324 2184 poreut
343 2075 437 2161 oeus'
449 2084 514 2179 est,
541 2085 601 2178 qui
619 2107 664 2159 ex
677 2082 713 2160 se
725 2086 934 2179 protulerit,
959 2087 1020 2159 vel
1037 2087 1258 2181 extenderit,

100 2223 105 2238 ·
187 2186 290 2280 quod
316 2185 379 2260 stbi
396 2185 482 2259 effet
498 2187 534 2258 in
551 2187 699 2262 Filium!
736 2184 834 2282 Quid
851 2183 1024 2258 sollicitus
1042 2207 1104 2280 es,
1135 2209 1183 2260 ne
1199 2186 1261 2261 de·

186 2286 369 2364 mutabilis
386 2288 480 2360 Deus
493 2285 560 2358 stt?
585 2284 669 2358 Nos
685 2286 911 2358 nativitatem
929 2283 1159 2379 confitemur,
1186 2308 1259 2359 nos

188 2385 414 2482 unigenitum
431 2385 663 2481 predicamus
680 2407 725 2458 ex
740 2388 816 2456 Deo
831 2383 947 2459 dotti:
978 2400 1041 2478 tu,
1065 2407 1111 2460 ne
1127 2388 1261 2459 nativi·

188 2498 246 2559 tas
276 2500 441 2577 maneat,
474 2507 521 2558 ne
535 2485 739 2580 unigenitus
758 2485 902 2558 Deutin
920 2483 1085 2584 Ecclesia
1099 2482 1170 2558 fide
1192 2485 1260 2579 stt,

188 2602 354 2660 naturam
366 2585 627 2659 indemutabilis
637 2586 714 2678 Dei,
741 2605 895 2676 quaenec
907 2588 1068 2675 extendi,
1095 2607 1261 2679 necpro-

189 2687 294 2760 tendi
310 2687 437 2782 potiit,
461 2687 630 2781 opponis.
683 2679 866 2758 Affertem
880 2686 968 2776 tibi,
993 2686 1117 2759 infelix
1136 2707 1260 2768 error,

187 2789 300 2861 etiam
328 2809 372 2859 ex
393 2787 499 2860 rebus
522 2786 644 2860 mundi
668 2785 898 2877 quarumdam
918 2799 1144 2877 naturarum,
1183 2808 1261 2879 quae

191 2888 409 2984 gignuntur,
434 2889 653 2978 exemplum,
679 2906 726 2958 ne
747 2886 975 2960 nativitatem
990 2886 1260 2980 protensionem

190 2986 424 3076 existimares,
450 3007 496 3058 ne
514 2986 731 3058 nascentium
745 2995 888 3058 naturas
905 2986 1119 3061 detrimenta
1138 2988 1261 3060 crede·

188 3105 251 3158 res
268 3083 338 3158 esse
346 3085 587 3180 gignentium,
613 3101 655 3156 ut
672 3085 778 3158 etiam
795 3089 906 3159 multa
921 3087 992 3161 stne
1009 3089 1190 3181 corporali
1205 3087 1263 3159 ad·

187 3185 371 3261 mixtione
388 3201 433 3256 ex
450 3183 662 3255 viventibus
681 3184 717 3256 in
738 3186 910 3258 viventes
929 3189 1059 3261 animas
1077 3188 1263 3283 gigneren-

191 3294 270 3357 tur:
297 3282 359 3355 nisr
377 3281 476 3355 nefas
498 3281 600 3374 odiet,
627 3287 704 3358 neo
723 3283 767 3357 de
786 3283 821 3357 se
838 3307 914 3358 uon
934 3286 1135 3369 credidiffe3
1164 3285 1197 3353 dt
1232 3283 1262 3355 i-

189 3383 269 3455 timi
287 3382 419 3456 furoris
437 3382 582 3456 vesania
588 3383 824 3475 judicaretur,
850 3385 1006 3460 adimere
1015 3381 1262 3457 audotitatcm

191 3479 378 3575 adfidem,
406 3486 462 3556 cui
482 3487 760 3557 venerationem
777 3482 1171 3577 profitearitadvitam.
1225 3479 1264 3553 Si

189 3585 287 3655 enim
313 3604 388 3657 non
412 3583 562 3677 nisrper
587 3605 668 3657 eum
691 3583 768 3656 vita
784 3583 859 3667 est,
896 3581 1082 3676 quomodo
1098 3602 1173 3652 non
1197 3601 1262 3672 per

187 3702 276 3755 eum
297 3679 384 3756 fides
407 3686 493 3755 vitae
519 3682 597 3755 est?
637 3682 744 3757 Fides
768 3696 887 3758 autem
909 3685 995 3755 vitae
1014 3681 1203 3774 quomodo
1224 3684 1261 3754 in

191 3802 242 3857 eo
265 3782 334 3874 est,
362 3784 421 3872 qui
436 3783 498 3857 fibi
517 3783 563 3856 de
577 3780 613 3855 se
626 3781 723 3856 testis
739 3780 890 3856 infidelis
909 3784 1094 3856 habeatur.

223 3933 229 3944 x
270 3890 326 3962 18.
355 3880 513 3976 Usurpas
536 3883 645 3976 enim,
671 3881 864 3974 impiiffime
884 3883 1067 3976 heretice,
1094 3882 1263 3955 nativita-

80 4021 86 4034 ι
189 3993 267 4056 tem
292 3979 355 4056 filii
378 3982 421 4053 ad
444 3982 639 4055 creationis
659 3985 909 4074 voluntatem,
941 3998 984 4055 ut
1011 4005 1087 4057 non
1117 4004 1161 4054 ex
1185 3984 1261 4053 Deo

189 4098 299 4161 natus
314 4081 374 4172 itt,
406 4080 464 4155 sed
482 4083 634 4155 volente
654 4091 736 4174 eo‚‘
751 4083 809 4175 qui
826 4085 987 4175 creavit,
1013 4106 1059 4157 ex
1077 4083 1262 4156 creatione

190 4181 397 4260 substiterit.
447 4177 496 4254 Et
511 4193 631 4255 tecum
646 4183 784 4255 idcirco
802 4202 878 4255 non
897 4187 989 4257 Deus
1004 4186 1067 4275 est,
1096 4185 1175 4273 quin
1192 4203 1263 4252 ma·

182 4299 303 4369 mente
317 4283 399 4358 Deo
418 4302 516 4380 uno,
542 4303 620 4358 non
637 4298 761 4359 teneat
775 4282 884 4359 Filius
900 4285 1047 4383 originis
1065 4283 1132 4396 sua
1149 4284 1182 4350 in
1203 4303 1264 4354 na·

1067 4394 1213 4453 tonate
