2742 4959
714 749 851 808 οι
924 726 1469 822 Srnonn,
1547 724 1928 808 Luna.
2242 741 2387 826 481

283 955 290 982 .
340 896 595 998 genuit
617 892 910 986 Filium,
961 889 1080 965 sed
1116 893 1674 985 moxutvoluit‚
1727 891 1870 966 fine
1893 905 2258 991 tempore,
2312 897 2385 972 Gt

283 1055 299 1098 ‚
345 994 887 1092 impassibilitate
920 1013 1011 1064 ex
1043 988 1113 1064 se
1144 1013 1309 1067 eum
1340 991 1660 1088 genitum
1691 993 2236 1072 demonstravit.
2261 1004 2307 1044 “

397 1120 517 1194 59.
571 1094 753 1169 Cum
778 1113 933 1166 non
962 1114 1053 1164 ex
1079 1093 1492 1184 voluntate,
1541 1104 1626 1165 ut
1642 1106 1926 1184 caetera‚
1976 1093 2198 1169 Filius
2221 1096 2384 1170 sub-

283 1198 480 1276 istere
519 1197 948 1274 doceretur,
1018 1213 1111 1264 ne
1144 1191 1544 1266 secundum
1569 1196 2022 1268 voluntatem
2049 1207 2380 1294 tantum,

283 1321 400 1374 uon
434 1299 647 1370 etiam
672 1292 1057 1368 secundum
1084 1307 1406 1366 naturam
1439 1291 1738 1366 haberet
1761 1289 2152 1388 effentiam‚
2207 1298 2378 1376 data

283 1396 598 1475 laereticis
631 1393 917 1467 occasio
949 1392 1376 1486 videbatur,
1429 1405 1514 1464 ut
1545 1392 2024 1468 necessitatem
2059 1395 2225 1469 Deo
2251 1419 2382 1492 pa-

283 1501 337 1572 ri
372 1497 704 1595 gignendi
734 1515 825 1566 ex
865 1491 933 1565 se
962 1491 1120 1566 Filii
1148 1489 1652 1578 adscriberent,
1703 1507 2060 1587 tamquam
2103 1511 2380 1572 naturae

283 1619 402 1698 ege
456 1608 771 1691 cogente
824 1592 1107 1667 invitus-
1158 1592 1486 1672 ediderit.
1613 1593 1754 1666 Sed
1799 1593 1953 1668 haec
1981 1595 2380 1687 pastionum

288 1719 397 1772 on
432 1695 533 1768 est
566 1697 639 1766 in
678 1692 843 1767 Deo
888 1706 1091 1787 petre
1120 1693 1490 1778 conditio:
1562 1713 1724 1768 cum
1757 1693 2249 1790 inenerrabili,
2302 1698 2380 1772 dc

288 1794 558 1870 erfecta
582 1794 967 1866 nativitate
1004 1791 1207 1887 Filii,
1256 1813 1398 1868 nec
1431 1794 1776 1870 voluntas
1805 1791 1952 1886 sola
1987 1798 2238 1894 genuit
2256 1795 2384 1871 Fi-

288 1917 454 1989 um,
488 1933 493 1938 ·
531 1914 673 1968 nec
706 1895 1087 1972 demutata
1111 1945 1139 1986 ‚
1212 1906 1363 1980 aut,
1393 1891 1646 1968 coacta
1693 1893 1999 1988 imperio
2025 1897 2384 1971 naturalis·

283 1997 419 2092 egis
452 1992 745 2069 effentia
774 1991 896 2068 est.
1000 1992 1077 2066 N
1082 2015 1167 2066 ec
1197 1991 1286 2072 cd
1316 1993 1752 2090 gignendum
1769 1995 2050 2088 quaefita
2066 1994 2388 2090 substanff

283 2101 341 2172 ia
368 2093 497 2188 est,
547 2114 685 2169 nec
722 2093 1080 2193 gignentis
1108 2093 1183 2166 in
1200 2093 1450 2189 genito
1481 2091 1760 2167 diversa
1779 2093 2034 2169 natura
2054 2095 2182 2189 est,
2233 2117 2382 2194 nec

283 2221 317 2272 1
370 2211 703 2288 tempore
749 2193 1029 2286 paterni
1057 2193 1371 2268 nominis
1407 2191 1765 2268 solitudo:
1844 2192 1966 2270 sed
1997 2208 2166 2268 ante
2192 2208 2384 2282 tem-,-

290 2317 425 2370 ora
453 2296 697 2369 omnia
734 2293 945 2368 Pater
994 2315 1088 2368 ex
1122 2306 1393 2367 naturae
1432 2293 1566 2367 suae
1605 2292 1942 2390 essentia,
2009 2286 2387 2390 impaffibss

283 2399 411 2472 iter
436 2397 727 2487 volem,
778 2392 967 2467 Filio
1001 2393 1198 2468 dedit
1211 2396 1550 2468 naturalis
1571 2395 1968 2470 divinitatis
1984 2394 2386 2476 ess'entiam.⁴

387 2494 657 2572 XXVI.
711 2541 759 2584 ‚‚
790 2492 860 2568 Si
896 2493 1051 2586 quis
1087 2491 1610 2584 innascibilem,
1663 2493 1732 2567 &
1762 2495 1908 2570 sine
1931 2496 2146 2568 initio
2179 2499 2382 2572 dicat

283 2593 1055 2688 ...Filium3,„t,amqunm
1094 2593 1243 2668 duo
1290 2595 1436 2670 fine
1483 2596 1886 2692 principio,
1937 2596 2024 2676 ,δι
2060 2589 2220 2670 ἀυσ
2266 2599 2388 2672 in*

283 2753 287 2768 .
342 2693 726 2786 nasdbilia,
780 2693 849 2768 ἃ
872 2694 1019 2768 duo
1057 2693 1300 2768 innata
1327 2695 1600 2788 dicens,
1653 2694 1837 2768 duos
1887 2693 2104 2768 faciat
2127 2695 2386 2788 Deest.

283 2847 289 2874 .
344 2795 721 2868 anathema
770 2792 875 2871 fit.-
976 2791 1216 2888 Caput
1254 2795 1512 2887 enim‚·
1567 2793 1766 2887 quod
1811 2795 1914 2868 est
1945 2797 2390 2890 principium

283 2949 289 2970 .
344 2894 711 2984 omniurn,
759 2891 1025 2982 Filius;
1079 2907 1297 2985 caput
1339 2906 1620 2986 autem,
1674 2895 1871 2987 quod
1907 2894 2006 2970 est
2039 2897 2379 2990 principi-

284 3059 287 3064 .
335 3015 459 3070 um
494 2989 773 3076 Christi,
827 2988 1073 3083 Deus3
1126 2991 1223 3066 s1c
1256 2995 1448 3068 enim
1483 2994 1570 3068 ad
1597 3013 1822 3080 unum
1851 2995 2384 3090 ininitiabilem,

283 3155 287 3170 .
340 3095 659 3168 omnium
696 3093 1019 3185 initium,
1070 3113 1200 3187 per
1228 3093 1289 3178 ‚F
1294 3095 1490 3170 ilium
1520 3093 1851 3182 universa
1891 3095 2299 3186 referimus,
2324 3099 2382 3142 “

382 3199 501 3296 6q.
556 3189 1317 3278 Filiumjnnascibilem
1351 3189 1720 3284 confiteri,
1764 3194 2226 3288 impiiffimum
2253 3195 2391 3276 est.

283 3315 393 3370 nm
423 3291 613 3370 enim
647 3313 801 3366 non
832 3295 970 3366 erit
1000 3293 1203 3368 Deus
1235 3313 1460 3366 unus:
1513 3295 1678 3386 quia
1695 3292 1930 3372 Deum
1956 3316 2176 3370 unum
2205 3318 2384 3388 prae·

283 3395 457 3476 icari
480 3407 735 3470 natura
765 3393 977 3478 unius
1004 3391 1435 3468 innascibilis
1474 3393 1614 3468 Dei
1641 3395 1883 3492 exigit.
1987 3391 2172 3472 Cum
2199 3416 2394 3494 ergo.

283 3517 425 3570 ‚nus
448 3493 645 3568 Deus
677 3493 789 3586 sit,
840 3493 989 3568 duo
1027 3491 1473 3568 innascibiles
1499 3491 1810 3568 essenon
1830 3491 2156 3586 possunt:
2213 3518 2384 3576 cum

283 3595 517 3669 dcirco
561 3593 765 3668 Deus
794 3612 980 3668 unus
1016 3592 1139 3688 fit,
1213 3613 1376 3668 cum
1408 3593 1476 3666 ἀ
1509 3607 1714 3686 pater
1766 3592 1970 3668 Deus
1997 3595 2123 3690 fit,
2192 3597 2260 3668 &
2301 3593 2388 3670 fi-

283 3701 377 3770 ius
407 3695 547 3788 Dei
570 3693 769 3769 Deus
804 3691 915 3787 lit,
982 3695 1146 3786 quia
1192 3692 1698 3770 innascibilitas
1737 3690 1884 3767 sola
1915 3717 2137 3788 penes
2158 3718 2393 3776 unum

283 3799 349 3870 it.
450 3793 671 3870 Filius
733 3809 970 3868 autem
1012 3795 1289 3870 idcirco
1340 3795 1584 3878 Deus,
1649 3796 1813 3888 quia
1860 3816 1950 3869 ex
1990 3795 2387 3872 innascibili

283 3892 539 3969 ss'entia
573 3909 783 3967 natus
820 3892 1119 3971 exsistat.
1218 3892 1520 3991 Respuit
1547 3915 1720 3992 ergo
1773 3893 2252 3970 innascibilem
2273 3892 2392 3968 Fl-

283 3997 417 4070 ium
454 3994 823 4089 praedicari
856 3991 1030 4068 fides
1062 3992 1319 4083 sanctu
1370 4009 1456 4067 ut
1485 4015 1617 4087 per
1646 4017 1863 4070 unum
1899 3991 2389 4074 innascibilem

283 4096 530 4186 hum,
604 4115 827 4170 unum
863 4094 1100 4170 Deum
1134 4095 1499 4185 praedicet:
1569 4109 1654 4168 ut
1694 4110 2026 4170 naturam
2067 4096 2391 4192 unigeni·

283 4218 414 4276 am,
468 4217 558 4270 ex
585 4192 971 4268 innascibili
999 4195 1313 4289 genitam
1346 4191 1640 4268 effentia
1665 4195 1739 4266 in
1773 4215 1926 4268 uno
1959 4191 2394 4269 innascibilis

283 4296 386 4370 >ei
418 4295 714 4368 nomine
748 4294 1290 4386 complectatur.
1419 4291 1660 4388 Caput
1689 4293 1876 4368 enim
1913 4298 2236 4368 omnium
2276 4293 2393 4368 Fi-

283 4400 383 4480 {ua
406 4393 551 4482 est:
603 4393 719 4468 sed
754 4407 971 4486 caput
1000 4391 1159 4468 Filii
1195 4393 1402 4472 Deus
1427 4393 1550 4469 est.
1657 4389 1758 4472 Et
1778 4393 1869 4476 ad
1899 4415 2122 4472 unum
2145 4395 2391 4474 Deum

322 4499 427 4580 ‘S.
487 4496 745 4576 Hilarii
797 4489 973 4584 Tm.
1027 4497 1087 4596 Ι,
1485 4493 1634 4576 Hb
1853 4505 1858 4516 '
2048 4498 2292 4584 omnia
