2742 4959
174 649 241 710 etv
402 663 407 671 ·
517 623 555 707 S.
604 627 910 709 Hruetlrr

141 877 144 882 ,
178 792 398 870 Pialmurum
414 790 547 866 librum
565 811 643 866 non
660 791 703 865 eb
719 811 796 866 uno
814 789 984 886 seriptum
1002 781 1098 884 effe,
1133 797 1178 864 ut
1195 801 1250 866 te·

179 934 263 990 men
288 913 325 986 in
349 911 399 986 rt·
428 933 508 1010 159.
529 909 562 1011 p.
585 932 615 988 1.
631 911 804 987 vincente
821 908 940 986 forsan
964 908 1248 1004 consuetudine,

181 1055 250 1126 qua
267 1035 327 1108 uni
342 1033 463 1104 David
483 1031 767 1123 adscribebant,
792 1031 890 1106 illum
910 1032 1013 1106 velut
1032 1031 1138 1105 uniue
1156 1027 1250 1104 Pro·

179 1156 400 1249 phetaeopus
412 1153 623 1228 consideret.
671 1151 787 1230 Immo
796 1149 1165 1244 iniieetlemrselmie,
1189 1151 1250 1242 qui

181 1272 379 1348 secundum
395 1276 535 1369 regulus
551 1273 596 1346 eh
615 1268 691 1366 ipso
707 1269 839 1363 positae
854 1272 1046 1348 authorem
1059 1271 1166 1346 elium
1177 1289 1254 1365 pre

179 1392 218 1468 se
240 1394 382 1484 ferunt,
415 1390 527 1488 ipsum
547 1393 726 1467 interdum
742 1391 864 1467 [levid
880 1387 1013 1488 spestet
1027 1391 1132 1465 velut
1147 1391 1185 1466 ln
1198 1393 1252 1465 eiu

180 1515 405 1604 loquentem.
457 1511 948 1605 reimarummtemhebem,
973 1511 1255 1609 megnumlllum

179 1653 301 1730 regem
324 1633 446 1707 omnia
469 1625 619 1708 deini
639 1629 732 1706 dit'te
751 1649 860 1726 etque
879 1629 974 1731 geste
989 1629 1022 1704 (u
1036 1629 1130 1706 servi
1154 1627 1252 1723 fide,

182 1753 218 1826 dt
238 1751 433 1847 Prophetae
459 1757 627 1848 exemplo
656 1749 914 1852 prefigurrss'e,
946 1751 1183 1844 illuminem,
1217 1751 1254 1825 t:

183 1870 362 1948 Christum
376 1871 949 1969 sepesermonemitutempertt,
972 1885 1029 1966 ut,
1055 1871 1270 1967 quodcum·

184 1993 333 2067 cedit&
352 2011 496 2068 enarret
510 1997 548 2067 in
565 1995 686 2070 David
698 2015 787 2070 vere
798 1991 950 2094 gestum,
976 2011 1050 2087 quo
1064 2013 1130 2091 per
1145 1989 1256 2066 idtio·

181 2134 266 2189 nem
286 2112 477 2214 Propheta
492 2101 609 2190 sensus
625 2139 667 2192 ac
681 2113 797 2190 sermo
812 2113 1020 2190 notesceret
1035 2111 1255 2210 Prophetis-³,

183 2233 229 2307 ed
257 2231 508 2324 mysteriorum
536 2231 664 2322 christi
690 2235 960 2332 intelligentium
988 2233 1114 2307 referri
1143 2231 1257 2304 velit:

183 2373 288 2434 eum.
314 2353 443 2444 inquit,
468 2351 652 2445 Propheta
668 2371 747 2427 non
761 2350 985 2449 temspiritu,
1010 2369 1115 2444 quem
1132 2347 1256 2445 peffio·

182 2473 288 2548 nibus
310 2473 548 2564 prophetarit.

286 2591 419 2683 Neque
434 2592 528 2666 enim
542 2591 634 2691 fugit
648 2590 1055 2686 duplicemillemunlus,
1081 2586 1257 2681 eiusdem·

186 2734 259 2807 que
268 2711 348 2786 dieii
362 2713 585 2809 intelligendi
595 2714 776 2788 radonem
786 2731 863 2788 non
879 2695 1045 2790 omnibus
1058 2705 1258 2800 anismam,

184 2853 257 2908 nee
277 2832 468 2907 defuturos
487 2831 579 2926 elle,
614 2835 675 2926 qui
690 2831 801 2929 ipsum
818 2833 918 2908 forte
937 2851 1002 2928 per
1019 2829 1257 2924 multiplicem

113 2945 117 2958 ’
137 2963 143 2974 “
185 2953 332 3028 humani
355 2953 487 3048 ingenii
509 2955 783 3050 intelligentium
796 2955 872 3030 vlrn
887 2951 1033 3026 veritati
1054 2947 1184 3025 efferre
1207 2967 1261 3022 rr·

185 3075 416 3161 birarentur,
442 3083 483 3143 ut
500 3071 658 3163 quodex
672 3071 796 3146 David
817 3070 971 3166 persone
987 3070 1117 3151 ditium
1139 3069 1194 3162 stt,
1222 3067 1260 3143 id

186 3181 1260 3284 adDominumsalvatoremquenostrummublmodistrans·

186 3313 365 3387 lationum
383 3309 867 3388 subtilitatibuetreurferret·
915 3307 1258 3384 Sedhisuccurrens

187 3429 361 3513 ostendit,
386 3451 462 3504 non
484 3429 558 3506 sine
573 3430 645 3514 Dei
661 3443 754 3508 nutu
772 3427 918 3522 ratium,
941 3444 985 3504 ut
1003 3447 1084 3502 cum
1098 3422 1258 3498 Christus

187 3553 228 3626 ln
258 3549 399 3624 Psalmis
423 3551 686 3647 prophetetur,
719 3551 758 3628 in
780 3531 918 3645 ireque,
954 3550 1015 3644 qui
1041 3547 1087 3621 de
1106 3543 1140 3619 se
1157 3543 1258 3637 sunt,

187 3672 302 3750 multe
323 3673 516 3763 eloquetur
532 3681 576 3744 ut
592 3671 733 3768 homo,
759 3691 838 3766 que
858 3673 902 3747 ed
921 3684 1066 3747 ceteros
1094 3666 1260 3741 homines

189 3792 459 3866 accommodari
480 3789 647 3887 pollent,
681 3791 738 3868 hie
758 3805 878 3870 umen
896 3791 1008 3867 verba
1026 3789 1184 3883 quedam
1208 3790 1262 3861 in·

187 3908 433 4003 termitem,
468 3931 546 4004 que
562 3911 674 4006 nulli,
698 3911 762 3988 nist
780 3911 842 4005 qui
866 3910 990 3987 divine
1008 3910 1181 4009 gauderet
1201 3929 1262 3982 na.-

188 4043 292 4124 tura‚
329 4031 586 4112 convenirent.
635 4029 834 4126 Nunquam
855 4051 973 4127 vero,
1007 4033 1123 4124 lnquit
1148 4030 1184 4103 in
1205 4025 1259 4105 Pi.

191 4171 278 4242 141.
294 4147 327 4248 §.
347 4171 380 4243 3.
432 4147 652 4230 psalmorum
670 4143 886 4250 prophetie,
912 4153 1199 4246 quotiescunque
1215 4167 1261 4222 ex

190 4268 505 4369 perpetuemur
512 4269 720 4373 prolem,
743 4289 822 4352 nou
832 4273 964 4371 utquid
974 4271 1156 4374 peculiare
1167 4269 1260 4363 ejus,

1113 4388 1214 4489 quod
