2742 4959
908 644 1369 792 trata,
1447 705 1634 838 xil.
1751 673 1778 690 .
1885 697 2012 712 '⁶
2199 695 2474 816 409‘

283 854 719 979 mpestatem
752 875 1148 952 nitentibus
1176 874 1371 953 libro
1410 873 1828 972 continget:
1897 887 2025 971 ut,
2078 897 2238 952 cum
2273 879 2352 955 in

283 1008 322 1058 o
379 979 783 1078 gravissimae
813 974 1195 1070 impietatis
1234 973 1480 1048 fluctui
1511 976 2023 1050 communitam
2057 979 2349 1072 puppim

283 1102 521 1165 amus,
582 1073 728 1174 ipse
768 1077 891 1149 ille
938 1095 1079 1148 nos
1120 1072 1378 1148 fluctus
1408 1072 1495 1148 ad
1538 1075 1809 1170 optatae
1844 1077 2099 1168 quietis
2131 1076 2351 1154 smum
2497 1123 2503 1130 -

283 1181 570 1257 evehat.
680 1175 1032 1252 Omnibus
1065 1176 1251 1250 enim
1284 1177 1570 1248 incerto
1601 1173 1943 1249 doctrinae
1961 1189 2195 1249 vento
2223 1178 2353 1250 cir-

283 1280 614 1373 umactis,
683 1277 851 1352 hinc
875 1286 1153 1368 metus,
1223 1275 1396 1347 hinc
1428 1274 1871 1370 periculum,
1935 1275 2103 1349 hinc
2139 1278 2353 1352 etiam

283 1402 417 1478 epe
463 1378 904 1474 naufragium
946 1372 1089 1467 est,
1143 1373 1306 1466 quia
1340 1375 1749 1471 unigenitus
1781 1373 1981 1450 Deus
2022 1375 2146 1450 sub
2185 1399 2356 1471 pro·

286 1482 520 1556 betica
558 1477 984 1554 auctoritate
1012 1488 1338 1548 creatura
1372 1472 1516 1548 effe
1544 1474 1986 1549 defenditur:
2039 1491 2122 1549 ut
2160 1479 2233 1550 in
2261 1497 2356 1552 eo

290 1602 389 1654 on
435 1579 516 1654 fit
542 1578 925 1670 nativitas,
972 1571 1089 1647 sed
1127 1575 1451 1669 creati0,
1503 1576 1669 1667 quia
1701 1597 1792 1650 ex
1828 1573 2132 1669 persona
2160 1575 2358 1670 Sapi-

283 1683 446 1754 ntiae
491 1678 749 1754 ἀίἃυπι
800 1675 935 1750 estt
1006 1680 1326 1747 Dominus
1370 1684 1621 1747 creavit
1658 1700 1754 1745 me
1795 1682 2061 1746 initium
2090 1683 2357 1748 viarum

283 1803 509 1851 mrum.
608 1777 752 1850 Hic
781 1776 1031 1851 hiemis
1069 1794 1324 1849 eorum
1350 1776 1694 1849 maximus
1729 1774 1984 1849 fluRus
2013 1774 2156 1868 est,
2206 1778 2360 1851 haec

283 1878 548 1952 ortuos1
593 1876 897 1952 turbinis
939 1876 1178 1973 gravis
1211 1873 1406 1949 unda
1439 1873 1578 1948 est:
1628 1897 1784 1968 quae
1827 1892 2131 1971 excepta
2159 1899 2198 1950 a
2229 1897 2362 1950 no·

291 1980 347 2050 is
372 2032 396 2067 ,
468 1978 535 2051 a:
567 1975 822 2050 securo
860 1975 1154 2071 navigio
1196 1973 1540 2069 infracta,
1590 1995 1818 2067 usque
1856 1974 2191 2068 adipsum
2220 1999 2358 2052 nos

283 2076 644 2151 utissimum
672 2088 967 2169 portum
1001 2075 1235 2169 optati
1271 2074 1540 2149 littoris
1567 2073 2062 2170 prosequetur.

389 2199 453 2250 2.
502 2174 685 2250 Non
722 2175 1015 2248 incertis
1061 2187 1327 2269 autem,
1380 2193 1618 2266 neque
1659 2175 1935 2266 otiofis,
1987 2188 2363 2252 nautarum

283 2276 514 2369 modo,
577 2274 871 2348 nitimur
904 2270 1202 2369 spebus:
1251 2293 1434 2367 quos
1465 2268 1824 2350 interdum
1864 2275 2062 2347 votis
2103 2278 2360 2371 magis,

288 2398 447 2450 uam
488 2372 751 2450 fiducia
782 2374 1250 2472 navigantes,
1299 2374 1466 2471 vagi
1490 2373 1990 2467 instabilesque
2019 2378 2220 2449 venti
2242 2389 2368 2450 aut

290 2476 616 2569 eferunt,
683 2487 808 2550 aut
842 2471 1238 2569 depellunt.
1340 2472 1694 2548 Ceterum
1718 2476 1932 2549 nobis
1961 2474 2154 2550 adest
2190 2473 2368 2548 inse-

283 2577 571 2651 ·arabilis
602 2572 771 2650 fidei
802 2571 1109 2668 Spiritus
1140 2574 1344 2648 dono
1375 2576 1721 2673 unigeniti
1750 2574 1890 2648 Dei
1917 2595 2366 2669 permanens,

283 2683 312 2748 't
380 2697 520 2751 nos
595 2675 1087 2750 indemutabili
1142 2673 1349 2746 cursu
1408 2674 1494 2746 ad
1541 2675 1920 2765 tranquilla
1978 2674 2364 2749 deducens.

283 2776 317 2848 ff
323 2798 422 2849 on
458 2776 646 2849 enim
669 2773 1061 2847 Dominum
1094 2770 1449 2848 Christum
1474 2783 1897 2867 creaturam,
1931 2775 2116 2866 'quia
2134 2795 2369 2864 neque

283 2874 389 2968 pse
432 2871 573 2960 est,
648 2891 886 2962 neque
922 2870 1301 2962 facturam,
1379 2873 1543 2965 quia
1575 2869 2000 2947 facturarum
2047 2876 2367 2947 omnium

283 2972 391 3067 pse
419 2971 523 3045 est
565 2969 968 3060 Dominus;
1041 2968 1160 3043 sed
1205 2969 1439 3044 Deum
1482 2972 1868 3066 novimus,
1943 2972 2183 3046 Deum
2227 2971 2368 3047 Dei

283 3073 463 3144 vatris
497 3070 859 3165 propriam
894 3070 1459 3166 generationem.
1559 3069 1728 3145 Nos
1759 3070 2043 3164 quidem
2073 3091 2370 3153 omnes,

283 3172 632 3247 ’ecundum
664 3170 1011 3245 bonitatis
1037 3168 1572 3272 dignati-onem,
1623 3170 1788 3246 disti
1826 3169 2242 3265 affumtique
2265 3169 2370 3246 su-

283 3293 401 3344 nus
444 3269 586 3344 Dei
626 3267 788 3343 filii:
838 3267 959 3345 sed
984 3270 1107 3346 ille
1136 3290 1354 3343 verus
1382 3289 1568 3344 unus
1593 3272 1779 3366 patri
1812 3270 1985 3347 Deo
2020 3268 2249 3366 filius,
2303 3271 2376 3346 ὅτ

283 3394 427 3446 tera
473 3385 694 3464 atque
742 3370 1104 3465 absoluta,
1171 3389 1468 3446 manens
1514 3383 1795 3447 tanmm
1842 3373 1920 3446 in
1944 3373 2374 3469 cognitione

283 3474 622 3565 utriusque
681 3470 1045 3545 nativitas.
1143 3467 1417 3544 Nostra
1458 3491 1646 3545 vero
1693 3485 1978 3548 tantum
2023 3473 2177 3548 haec
2222 3470 2374 3546 sola

289 3574 505 3669 eligio
538 3570 686 3662 est,
736 3569 993 3645 Filium
1029 3566 1365 3645 confiteri
1400 3590 1552 3645 non
1590 3569 2056 3667 adoptivum,
2108 3570 2227 3645 sed
2252 3592 2374 3645 na·

283 3692 447 3760 um;
497 3691 735 3762 neque
756 3669 1089 3761 electum,
1142 3666 1261 3744 sed
1286 3683 1726 3769 generatum.
1830 3670 2011 3747 Non
2038 3672 2223 3746 enim
2249 3684 2374 3745 aut
2469 3731 2482 3738 -

283 3769 538 3861 actum,
592 3781 885 3844 autnon
909 3783 1154 3845 natum
1171 3770 1671 3864 predicamus:
1725 3772 1889 3865 quia
1902 3791 2138 3864 neque
2164 3769 2379 3845 Crea-

285 3890 485 3946 orem
521 3871 869 3946 creaturis
912 3889 1437 3966 comparamus,
1487 3892 1722 3964 neque
1746 3871 2203 3947 nativitatem
2233 3871 2380 3947 fine

283 3972 720 4064 generatione
751 3970 1159 4046 mentimur.
1252 3969 1435 4045 Non
1470 3990 1602 4066 per
1636 3969 1707 4046 se
1749 3973 1891 4068 est,
1942 3973 2062 4064 qui
2090 3991 2222 4064 per
2259 3992 2382 4044 na-

288 4072 612 4145 ivitatem
663 4066 787 4145 est.
882 4069 1154 4164 Neque
1196 4091 1349 4145 non
1395 4083 1604 4146 natus
1649 4069 1796 4169 est,
1873 4073 1997 4167 qui
2029 4068 2218 4145 filius
2254 4070 2381 4148 est.

283 4168 513 4263 *leque
556 4168 674 4262 qui
722 4165 908 4245 filius
950 4167 1095 4255 est,
1159 4173 1368 4247 aliter
1401 4170 1695 4273 potest,
1768 4193 1980 4270 quam
2015 4169 2381 4248 nascende

283 4269 389 4347 =ffe
404 4323 434 4371 ,
485 4268 686 4367 quod
718 4264 906 4347 filius
932 4270 1060 4350 est.

1186 4465 1254 4549 C
1270 4491 1319 4549 c
1365 4491 1413 4566 ς
1890 4489 1966 4568 ³·
1984 4469 2302 4549 Nemi&
