2742 4959
490 627 713 707 Liiian
761 627 854 708 Vll.
1139 641 1206 724 185

140 792 305 871 Ecclesia
327 793 423 868 inter
443 787 756 888 haec'periclitatur
779 791 972 868 veritatem
989 811 1064 866 non
1081 802 1209 870 tenere

146 917 213 992 per
234 916 344 987 vera,
376 893 460 968 dum
485 915 528 966 ea
548 896 580 966 ei
599 894 640 967 ad
659 891 956 988 irreligiositatem
976 893 1208 988 ingeruntur,

149 998 278 1088 quibus
293 995 418 1090 religio
436 993 469 1066 u
487 991 735 1084 confirmatur,
763 991 958 1086 &deperit
1009 992 1100 1066 Non
1114 995 1209 1068 enim

146 1115 259 1170 unuin
274 1098 385 1168 lleum
405 1093 463 1186 pie
480 1092 661 1185 possumus
676 1092 886 1186 predicare,
922 1091 946 1166 si
966 1091 1094 1167 solum:
1129 1095 1211 1184 quia

145 1216 225 1272 non
248 1196 315 1268 erit
335 1198 427 1266 Deus
448 1189 541 1266 filius
561 1194 597 1266 in
614 1191 759 1264 solitarii
779 1187 862 1266 fide.
912 1190 966 1263 At
984 1212 1076 1264 vero
1095 1194 1157 1266 [lei
1172 1190 1222 1266 fi«.

143 1289 246 1385 lium,
272 1292 437 1385 sicutest,
463 1292 827 1388 Deumpraedicantes,
852 1289 1210 1383 periclitamusfidem

144 1396 323 1468 Desunius
336 1416 411 1467 non
428 1408 571 1466 tenere:
597 1391 801 1483 &ejusdem
810 1391 959 1487 periculi
970 1413 1027 1464 res
1038 1391 1088 1464 est
1099 1414 1210 1469 imum

145 1517 292 1590 negare,
320 1494 421 1584 cujus
438 1493 490 1565 est
505 1491 540 1566 di
553 1489 745 1566 solitarium
756 1488 935 1565 confiteri.
985 1488 1036 1563 Et
1046 1491 1123 1566 haec
1135 1494 1209 1585 qui·

145 1597 229 1668 deni
245 1595 367 1668 mundi
382 1590 486 1666 stulta
500 1613 575 1668 non
592 1590 762 1686 sentiunt,
789 1590 872 1664 dum
888 1590 942 1664 his
955 1610 1072 1682 neque
1084 1593 1210 1668 innon

142 1694 225 1768 solo
246 1690 430 1788 fignificari
444 1713 537 1768 unus
553 1692 719 1782 videtur,
745 1711 863 1782 neque
876 1690 913 1780 in
933 1711 1009 1764 uno
1024 1711 1100 1766 non
1114 1691 1209 1766 solus

143 1795 259 1870 intelli
288 1795 309 1865 i.

222 1816 352 1982 qlgSed
373 1911 470 1982 eam,
495 1904 537 1963 ut
556 1888 683 1984 spero,
710 1887 868 1962 Ecclesia
886 1885 1057 1962 doctrinae
1073 1886 1139 1962 suae
1158 1889 1210 1961 lu·

146 1993 352 2065 nemetiam
373 1990 619 2082 imprudentiae
636 1989 749 2062 saeculi
771 1988 942 2079 invehet,
967 2002 1009 2060 ut
1028 1985 1211 2062 licetfidei

145 2091 404 2166 sacramentum
424 2110 499 2163 non
516 2089 699 2182 suscipiat,
726 2105 852 2162 tamen
869 2085 1052 2162 adversum
1074 2088 1212 2161 haereti·

145 2213 214 2264 eos
235 2190 424 2263 veritatem
441 2189 648 2262 sacramenti
665 2210 686 2262 a
702 2188 810 2262 nobis
828 2187 1002 2282 intelligat
1017 2189 1212 2280 praedicari.

144 2291 281 2387 Magna
296 2291 390 2364 enim
407 2290 464 2362 vis
482 2287 535 2364 est
549 2291 735 2368 veritatis,
761 2309 859 2383 quae,
885 2308 965 2363 cum
980 2310 1045 2382 per
1058 2287 1092 2361 se
1108 2290 1214 2364 intel·

145 2391 206 2484 ligi
236 2390 357 2484 possit,
391 2409 455 2482 per
482 2411 524 2480 ea
545 2402 663 2463 tamen
679 2385 774 2482 ipsa,
807 2410 884 2478 quae
903 2390 935 2462 ei
955 2387 1209 2472 adversantur

145 2493 285 2565 elucet:
318 2505 360 2562 ut
378 2491 414 2562 in
436 2505 564 2563 natura
589 2489 646 2564 sua
661 2491 853 2564 immobilis
866 2511 1031 2570 manens,
1065 2487 1212 2562 firmita-

145 2605 221 2664 tem
238 2606 372 2664 naturae
389 2588 456 2661 sua
472 2591 655 2681 quotidie,
681 2590 766 2660 duni
792 2601 1010 2677 attentatur,
1038 2592 1210 2678 acquirat.

146 2689 234 2765 Hoc
248 2690 341 2763 enini
355 2687 519 2762 ucciesiae
533 2691 718 2780 proprium
733 2685 796 2776 est,
821 2699 863 2758 ut
875 2699 949 2758 tum
965 2687 1102 2776 vincat,
1129 2709 1212 2764 cum

145 2790 309 2878 laeditur,
335 2803 424 2859 tunc
445 2789 687 2881 intelligatur,
714 2805 794 2878 cum
810 2785 983 2880 arguitur,
1011 2800 1099 2874 tunc
1116 2789 1211 2861 obti-

145 2903 252 2976 neat,
279 2908 360 2958 cum
378 2885 564 2970 deseritur,
612 2883 750 2958 Omnes
767 2883 908 2974 quidem
926 2885 984 2957 illa
1002 2883 1132 2975 secum,
1159 2901 1211 2958 at-

148 3007 218 3076 que
244 2989 336 3057 intra
361 2982 396 3058 se
423 2986 723 3076 velletmanere,
760 3003 830 3056 nec
860 3003 906 3058 eii
925 2985 1207 3075 tranquillissimis

145 3088 279 3162 sinibus
301 3083 369 3157 suis
390 3085 480 3157 alios
499 3099 562 3158 aut
572 3085 747 3178 abjicere,
774 3081 1027 3177 autperdere,
1052 3084 1134 3176 dum
1158 3086 1210 3160 in·

147 3187 245 3282 digni
262 3182 356 3258 fiunt
367 3200 475 3259 tantae
490 3186 610 3262 matris
621 3183 847 3260 habitaculo·
873 3181 933 3257 sed
948 3182 1210 3261 discedentibus

145 3310 194 3364 eii
218 3308 259 3359 ea
281 3285 480 3378 hereticis,
511 3285 574 3358 vel
596 3283 764 3379 abjestia,
798 3299 969 3376 quantum
994 3284 1126 3358 amittit
1149 3307 1211 3359 oc·

146 3387 297 3460 calionis
311 3387 501 3483 largiendae
515 3407 562 3460 ex
576 3384 611 3460 se
631 3383 765 3474 salutis,
792 3395 932 3458 tantum
949 3381 1150 3475 adsequitur
1165 3385 1211 3460 ad

145 3485 254 3562 sidem
275 3489 527 3580 expetenda
502 3487 546 3560 de
564 3483 598 3559 se
616 3484 858 3560 beatitudinis.
912 3481 1093 3578 Cognosci
1116 3487 1214 3562 enini

145 3585 223 3660 hoo
248 3608 292 3658 eir
320 3589 401 3680 ipsit
429 3587 683 3661 hereticorum
706 3583 827 3658 studiis
849 3581 1116 3678 promtissimum
1148 3585 1209 3660 est.

144 3683 314 3773 Namque
334 3708 415 3760 cuni
432 3684 590 3760 Ecclesia
607 3687 794 3757 allomino
808 3681 980 3776 instituta,
1007 3683 1096 3757 &ab
1110 3681 1210 3779 Apo-

145 3785 248 3860 stolis
267 3783 500 3882 confirmata,
525 3805 596 3858 una
617 3785 777 3858 omnium
795 3783 858 3874 fit,
887 3804 932 3856 ex
953 3805 1020 3877 qua
1038 3781 1074 3858 se
1093 3785 1210 3857 ‹liver-

143 3884 260 3962 sarum
282 3885 502 3975 impietatum
516 3885 639 3958 furens
656 3905 758 3960 error
774 3883 980 3972 absciderit;
1006 3906 1076 3959 nec
1088 3887 1211 3979 negari

144 3982 272 4081 poffit,
312 4005 357 4056 ex
381 3985 475 4058 vitio
499 3987 599 4060 malae
627 3986 891 4081 intelligentie,
931 3982 1015 4059 fidei
1042 3983 1209 4058 exstitisse

145 4084 353 4174 dissidium,
374 4085 478 4176 dum,
506 4087 603 4177 quod
619 4089 767 4183 legitur,
794 4082 903 4160 sensui
918 4086 1040 4176 potius
1062 4096 1209 4177 coapta·

148 4197 228 4274 tur,
266 4204 369 4275 quam
396 4183 539 4258 lestioni
559 4183 673 4259 sensus
697 4190 944 4278 obtemperat:
982 4196 1099 4256 tamen
1124 4185 1209 4260 dum

148 4282 208 4360 sibi
230 4299 351 4378 partes
371 4284 511 4386 singule
527 4283 782 4384 adversantur,
807 4305 941 4361 nouo
905 4281 941 4358 so
945 4281 1135 4372 lumlu'u,
1150 4281 1223 4354 sed

639 4385 684 4464 ll
713 4409 734 4483 ς
1055 4336 1193 4457 ahiez-
