2742 4959
193 659 326 764 uxum*
528 662 566 744 8.
616 649 924 744 Hrn'rlnrr
1013 651 1018 665 ’

189 826 365 904 censebat
381 827 476 923 regia
492 826 675 921 maiestate
689 830 896 927 indignum,
923 844 965 903 ut
980 827 1051 925 ipse
1069 838 1106 905 iu
1125 832 1263 931 angulis

194 950 380 1048 religionis
398 947 464 1019 suae
480 931 615 1023 cultum
633 966 841 1027 exerceret:
866 952 1062 1047 gratulatus
1081 951 1263 1049 estlidern,

188 1070 248 1157 ‚uti
274 1069 337 1144 libi
364 1068 577 1164 videbatur,
613 1066 839 1146 catholicam
866 1072 910 1145 ab
929 1069 1117 1143 Auxentio
1140 1073 1264 1168 alleri,

194 1189 361 1280 adeoque
387 1185 489 1292 pulle
509 1186 545 1262 se
560 1185 727 1264 'adventu
751 1188 816 1266 suo
832 1193 1007 1284 populum
1029 1188 1197 1263 haiienus
1218 1195 1265 1266 ab

189 1302 381 1408 sspiscopo
409 1307 473 1381 suo
497 1306 752 1386 abhorrentem
779 1310 818 1385 in
842 1329 947 1386 unam
974 1293 1267 1386 communionem

101 1491 105 1502 .
193 1429 381 1524 reducere.
443 1426 569 1521 Itaque
587 1428 659 1502 line
678 1450 780 1512 mora
798 1429 915 1505 ediiio
932 1432 1032 1527 gravi
1050 1430 1191 1516 vetuit,
1216 1452 1266 1505 ne

189 1549 367 1652 ,deinceps
390 1569 410 1623 a
429 1568 610 1642 quoquam
626 1548 907 1626 Mediolanenlis
933 1548 1091 1626 Ecclelra
1120 1563 1264 1644 pertur-

196 1671 357 1750 baretun

199 1874 202 1879 .
298 1788 427 1863 Ediiio
453 1788 539 1864 huic
563 1807 638 1861 non
663 1778 932 1882 obsequendum
959 1804 1059 1865 ratus
1084 1787 1265 1884 Hilarius,

194 1912 307 2013 etiam
319 1910 509 2005 impotuna
525 1909 818 2001 interpellatione
832 1907 1014 2010 suggetur,
1039 1909 1265 1985 Auxentium

200 2035 305 2108 aliter
333 2029 502 2123 credere,
529 2050 633 2123 quarn
657 2028 739 2103 Rex
754 2025 826 2124 ipse
847 2045 909 2103 aut
927 2031 1126 2112 omnetalii
1143 2028 1260 2104 exilii·

197 2166 352 2229 marent.
404 2149 501 2224 Hinc
515 2148 737 2246 congrellus‚
763 2152 865 2244 cujus
877 2149 1060 2250 gestalroc
1075 2152 1170 2226 libro
1185 2172 1265 2227 nar·

146 2335 150 2342 .
197 2287 348 2360 rantur,
371 2268 463 2361 juffu
480 2271 573 2365 regis
596 2271 749 2345 habitur.

302 2389 410 2463 Gesta
427 2390 503 2463 haec
522 2387 601 2462 lunt
619 2409 790 2480 corono,
817 2408 891 2480 quo
901 2389 1175 2464 Valentinianus
1185 2389 1265 2465 Me·

199 2515 385 2609 diolanurn
398 2512 549 2604 primurn
563 2511 744 2601 pervenit,
770 2528 866 2582 anno
881 2510 1045 2584 nimirum
1058 2513 1161 2603 364„
1190 2532 1264 2605 quo

190 2634 331 2729 ‘eodem
350 2650 444 2703 anno
462 2626 655 2722 &scriptus
672 2628 742 2702 elle
756 2629 815 2703 hic
831 2630 1097 2719 libervidetur3
1124 2632 1167 2704 ad
1179 2632 1267 2707 surn-

197 2778 296 2836 rnum
317 2767 434 2825 autem
451 2749 494 2823 ad
514 2769 643 2823 annum
664 2755 747 2842 365·
769 2770 849 2823 eum
873 2750 959 2821 licet
976 2750 1122 2824 referre.

299 2873 389 2944 Sunt
407 2871 568 2964 quidem,
596 2870 656 2964 qui
671 2867 871 2944 Constantii
893 2882 1082 2966 tempore,
1109 2892 1150 2945 ac
1176 2891 1259 2966 pro·

196 2996 281 3069 inde
304 3006 387 3063 ante
408 3010 537 3064 annurn
554 2995 635 3082 361.
656 2992 757 3084 lunt,
785 2992 857 3083 qui,
886 2988 1082 3085 (Batonius
1100 2992 1134 3064 δι
1152 2992 1262 3065 Blon·

196 3109 356 3209 delius)
385 3131 478 3181 anno
498 3111 566 3207 369
594 3108 729 3184 edituin
746 3107 816 3182 elle
831 3123 971 3202 putant.
1021 3110 1107 3184 Illos
1120 3114 1263 3203 decepit

198 3232 387 3309 Facundus
407 3231 585 3304 Hermian.
614 3228 723 3322 spicil.
743 3243 833 3306 tom.
850 3227 933 3323 nl,
960 3229 1020 3320 qui
1034 3243 1152 3301 tamen
1171 3230 1264 3319 ipse,

131 3368 134 3374 '
199 3355 255 3430 uti
275 3370 435 3447 apertum
451 3349 514 3443 est,
543 3349 730 3443 deceptus,
757 3368 875 3422 rerum
895 3369 936 3420 ac
953 3363 1154 3439 temporum
1163 3350 1266 3442 igno·

82 3491 87 3504 ’
198 3471 442 3565 rantialapsus'
464 3469 617 3566 scripsrt:
652 3467 724 3563 ,‚S.
740 3468 896 3543 Hilarius
919 3464 1138 3560 Episcopus,
1167 3465 1264 3543 Con·

199 3590 311 3667 seffor
338 3592 371 3663 δι
397 3589 540 3664 ὓοᾶοτ
563 3592 724 3687 egregius
747 3587 954 3680 quibusdam
970 3582 1156 3679 Episcopis
1175 3603 1266 3665 tem·

200 3732 294 3809 pore
317 3709 515 3783 Constantii
536 3710 779 3804 imperatoris,
806 3726 878 3798 quo
894 3704 1016 3776 Ariani
1034 3704 1095 3779 sub
1116 3714 1265 3787 nornine

199 3833 298 3930 pacis
317 3831 350 3903 lli
369 3832 461 3926 regis
482 3830 713 3926 pervaserant
729 3822 909 3901 universas
925 3845 1019 3919 pene
1036 3826 1151 3905 totius
1166 3834 1263 3906 orbis

199 3955 337 4029 locales
360 3947 554 4044 Ecclesias,
581 3951 670 4025 dixit
687 3947 798 4024 &c.“

300 4072 350 4147 Hi
371 4091 448 4144 non
475 4074 708 4144 attenderunt
723 4067 768 4144 ad
785 4069 870 4143 vitae
885 4066 1012 4141 Hilarii
1029 4067 1264 4163 chronologi·

201 4214 279 4296 arn,
316 4210 412 4266 anno
435 4191 528 4265 enirn
546 4193 627 4289 3⁶9·
643 4188 800 4263 Hilarius
817 4188 1069 4282 Hieronymo,
1102 4186 1263 4279 Sulpicio

198 4312 363 4410 Severo,
390 4312 423 4387 or
440 4309 623 4411 Gregorio
641 4305 786 4386 Tuioo.
801 4308 949 4406 testibus
962 4310 1035 4403 jam
1051 4332 1071 4382 e
1087 4309 1183 4384 trivis
1201 4327 1264 4382 ex·

1045 4419 1049 4426 ’
1106 4426 1214 4503 celle·

378 4665 444 4679 *a
