2742 4959
481 605 824 750 Linum.
1115 697 1185 777 159

112 838 245 916 audio:
269 836 415 930 Dicitis,
441 836 523 929 quia
538 834 799 930 blasphemavi,
826 835 996 946 quqninm
1012 835 1104 915 dlxi:
1129 839 1188 915 Fi·

110 943 184 1017 lius
207 938 270 1012 Dei
285 934 378 1014 sum:
404 934 878 1020 finoncredonominibus,
902 935 1201 1014 lirintutamvo·¹

113 1039 254 1115 cabulis
267 1059 344 1121 non
361 1037 540 1135 intelligo,
567 1035 653 1129 quid
670 1034 903 1129 credendum,
930 1036 964 1110 ἀ
985 1039 1186 1136 intelligen-

111 1137 405 1233 dumfitquaero.
430 1134 1082 1232 Nonminirelinquituraliasuspicio.
1108 1139 1213 1215 An·

113 1238 262 1313 tioritas
274 1251 424 1332 paterna
441 1237 486 1310 de
502 1238 591 1311 caelo
606 1233 675 1311 est:
709 1239 774 1310 Hic
788 1237 829 1335 ιβ
837 1239 935 1330 silius
950 1263 1045 1309 meus.
1097 1240 1187 1316 Pro·
1295 1327 1297 1331 ¹

111 1338 216 1416 feffio
233 1335 298 1411 filii
314 1338 359 1412 de
382 1336 417 1412 se
436 1336 504 1411 est:
531 1341 670 1411 Domum
692 1339 805 1410 Patris
820 1343 898 1425 mei,
925 1337 960 1411 &
980 1342 1077 1411 Pater
1086 1345 1185 1421 meles.

112 1438 288 1515 Profeffio
314 1438 472 1514 nominis
491 1434 581 1511 salus
595 1435 669 1530 eli,
710 1457 795 1512 cum
814 1431 1054 1536 inte'rtogatio
1076 1440 1207 1517 iidem·

110 1532 296 1635 postulat‚'
317 1538 461 1612 dicens:
485 1535 548 1611 Tu
569 1535 685 1615 credis
704 1539 743 1611 in
762 1534 874 1611 lilium
896 1537 986 1611 liei?
1018 1540 1186 1636 Proprie·

111 1641 197 1713 tatis
217 1640 367 1715 nomina
386 1638 605 1731 sequuntur,
638 1638 701 1710 ubi
723 1662 807 1708 meus
820 1635 882 1713 est.
932 1636 1020 1712 Tibi
1039 1663 1185 1736 quaero,

108 1740 309 1831 haeretice,
332 1740 431 1812 unde
451 1739 518 1812 alia
535 1735 741 1832 praesumtio
762 1737 815 1812 lit.
868 1735 1007 1812 Adimis
1025 1740 1132 1826 Patri,
1145 1740 1186 1816 fi·

110 1841 220 1930 dem,
256 1837 349 1910 Filio
365 1836 646 1931 profeffionem‚·
671 1837 881 1913 nominibus
895 1855 1076 1915 naturam:
1108 1843 1185 1917 vim

109 1939 235 2013 verbis
261 1938 324 2009 Dei
343 1934 471 2027 affers,
503 1957 550 2010 ne
568 1937 656 2029 fint‚
683 1938 783 2029 quod
804 1938 1007 2012 enuntiant.
1058 1943 1187 2033 impie·

109 2040 196 2112 tatis
213 2051 283 2110 tuae
298 2033 373 2109 sola
384 2033 605 2128 impudentia
618 2034 683 2131 est,
710 2037 752 2110 u't
761 2034 954 2143 mentitum
963 2038 1008 2111 de
1022 2035 1057 2112 se
1071 2043 1186 2118 neum
1267 2084 1290 2108 .-

111 2160 153 2214 ετ
205 2159 253 2214 as.
1054 2176 1065 2206 ·.

154 2159 247 2312 gum.
274 2234 500 2335 Quamquam
527 2233 636 2333 igitur
654 2231 732 2310 sola
755 2234 902 2331 fimplex
932 2236 1106 2314 confeffio
1126 2261 1188 2314 na·
1225 2330 1228 2338 Ι

110 2354 202 2412 turae
220 2337 370 2409 nomina
384 2333 570 2431 ostendat,
605 2348 667 2425 ut,
699 2335 745 2409 de
766 2359 845 2429 quo·
861 2337 993 2414 ditium
1016 2339 1083 2414 est:
1121 2345 1189 2413 Hic

112 2440 154 2538 ιβ
172 2437 269 2528 filius
292 2459 401 2531 meus,
438 2434 474 2509 ἀ
498 2435 543 2509 ad
564 2456 670 2529 quem
692 2432 824 2514 ditium
847 2438 917 2514 est:
961 2444 1056 2513 Pater
1078 2466 1188 2530 neus,

111 2540 187 2612 hoc
200 2538 288 2632 lint,
317 2535 416 2630 quod
428 2547 707 2636 nuncupantur:
732 2551 857 2614 tamen
873 2560 922 2614 ne
940 2556 1003 2614 aut
1016 2541 1187 2635 adoptio·
1237 2590 1241 2600 ,

108 2642 167 2713 nis
192 2641 229 2712 in
248 2638 342 2713 Filio
362 2638 499 2713 nom'en
516 2637 577 2726 fit,
599 2653 663 2710 aut
678 2638 832 2713 honoris
856 2640 890 2712 in
909 2639 1036 2734 Patre,
1067 2643 1187 2715 videa·

104 2759 209 2831 mus,
242 2759 320 2830 quae
338 2733 580 2833 pioprietates
603 2755 670 2827 per
684 2733 815 2811 Filium
830 2737 875 2810 ad
895 2735 958 2810 filii
975 2759 1109 2812 nomen
1128 2742 1187 2826 ad·

100 2838 209 2938 jeliae
229 2838 309 2913 sint„
368 2835 456 2908 Ait:
494 2833 628 2909 Omnia
654 2833 742 2907 mihi
773 2836 906 2909 tradita
931 2835 1013 2911 sunt
1038 2861 1057 2910 a
1079 2838 1188 2916 Patre

108 2959 219 3030 meo,
256 2936 421 3010 &nemo
445 2934 556 3008 novit
570 2930 723 3026 Filium,
749 2933 812 3008 nist
827 2935 955 3030 Pater,
982 2960 1101 3031 neque
1122 2940 1188 3014 Pa·

107 3056 211 3132 trent,
221 3037 298 3128 quis
316 3035 439 3116 novit,
466 3032 528 3108 nist
540 3031 672 3107 Filius:
699 3033 733 3107 lt
751 3034 810 3108 cui
827 3036 990 3113 voluerit
1007 3038 1117 3113 Filius
1130 3057 1188 3116 re·

92 3144 248 3216 velare.
298 3134 359 3209 Ad
376 3135 435 3229 id,
462 3133 562 3227 quod
586 3131 718 3209 dinam
737 3133 806 3209 est:
835 3139 899 3208 Hic
916 3138 1060 3236 efifilius
1079 3166 1186 3234 mem,

108 3244 148 3318 (5
173 3245 389 3336 inermem,
426 3247 597 3311 utrumne
610 3234 674 3311 fibi
695 3238 892 3310 convenit:
928 3238 1053 3314 Nemo
1076 3245 1187 3315 novit

109 3341 258 3433 Filium,
297 3339 360 3414 nisi
382 3336 516 3431 Pater,
549 3355 669 3428 neque
690 3334 831 3411 Patrem
855 3339 933 3431 quis
952 3342 1086 3434 novit,
1121 3342 1187 3417 nili

108 3439 246 3520 Filius?
279 3440 372 3516 Non
397 3440 494 3511 enim
518 3434 583 3512 nist
606 3458 673 3531 per
700 3454 859 3511 mutuam
890 3436 1185 3518 testificationem

110 3541 303 3639 cognosci,
329 3541 392 3615 vel
419 3558 486 3633 per
502 3536 645 3614 Patrem
657 3535 790 3628 Filius,
816 3538 878 3611 vel
895 3560 961 3631 per
974 3539 1103 3615 Filium
1120 3542 1187 3615 Pa·

108 3659 169 3717 ter
190 3644 323 3735 potuit.
375 3640 466 3715 Vox
487 3664 510 3715 e
529 3638 625 3714 caelis
650 3634 720 3714 est:
754 3636 1000 3713 sermnetiam
1019 3638 1100 3714 Filii
1117 3640 1182 3722 est.

102 3742 144 3818 T
145 3764 201 3816 am
224 3741 431 3841 ignorabilis
458 3739 511 3818 est
531 3738 667 3831 Filius,
700 3759 806 3832 quain
829 3738 998 3816 &Paten
1049 3741 1184 3820 Omnia

108 3847 142 3923 ei
160 3843 290 3918 tradita
315 3844 413 3919 lunt:
448 3843 535 3921 &in
553 3839 722 3916 omnibus
741 3841 830 3914 nihil
846 3842 1059 3938 intelligitur
1076 3865 1184 3917 exce·

105 3963 222 4045 ptum.
274 3943 311 4016 Si
334 3943 493 4037 pntestas
512 3953 698 4034 exaequata
719 3940 790 4033 est,
822 3939 845 4014 fi
864 3937 1039 4030 secretum
1060 3945 1184 4039 cogni·

108 4049 220 4123 tionis
238 4046 374 4137 aequale
390 4043 462 4140 est,
488 4043 655 4119 sinatura
669 4042 932 4117 innominibus
950 4042 1015 4135 est,
1043 4064 1183 4137 qnaero,

111 4147 318 4243 quomodo,
346 4146 445 4240 quod
459 4158 764 4236 vocantur‚·non
781 4139 876 4231 funt,
904 4163 1058 4234 quorum
1078 4143 1185 4218 &vis

104 4252 147 4328 in
171 4248 376 4346 potestate,
407 4243 650 4321 &difficultas
662 4243 702 4317 in
726 4243 942 4340 cognitione
955 4263 1031 4315 non
1048 4241 1189 4320 differt.

107 4348 204 4429 Non
216 4351 308 4427 fallit
321 4351 446 4447 itaque
461 4347 499 4424 in
515 4344 708 4421 vocabulis
726 4345 845 4445 litut,
864 4339 996 4420 neele
1010 4340 1225 4511 antini&

599 4477 602 4482 ¹
1036 4460 1137 4517 men
1168 4475 1186 4490 ·
