2742 4959
761 241 763 254 ,
773 215 788 246 Ι

478 626 704 708 Lrerr
752 626 838 754 ll.¹
1053 699 1056 704 .
1128 649 1176 734 47

140 794 339 874 lmlxtionis
355 789 565 868 societatem
580 787 831 870 smosficuum
844 791 938 870 ineo
947 794 1103 874 uuiverfi
1116 819 1177 896 ge-

140 901 202 973 eria
230 893 375 970 humani
406 912 540 988 corpus
566 890 765 967 exsisteret.-
808 905 850 967 ut
875 885 1177 991 quemadmodum¹

140 1017 236 1073 mnes
256 999 296 1068 io
312 993 346 1068 le
364 993 501 1088 perid,
536 992 635 1084 quod
651 1011 872 1088 corporeum
889 991 925 1070 se
945 993 1017 1069 elle
1041 999 1181 1094 voluit,·

140 1096 375 1187 roderentur,
400 1096 451 1166 ita
466 1090 601 1165 rursum
621 1093 660 1168 in
679 1111 805 1167 ornnes
825 1091 899 1186 ipse
911 1114 978 1188 per
990 1095 1047 1192 id,
1073 1100 1175 1192 quod

140 1207 187 1271 ua
206 1193 257 1269 est
270 1193 466 1287 invisibile,
497 1191 706 1267 referretur.
756 1192 828 1270 Dei
849 1193 958 1289 igitur
978 1195 1097 1292 imago
1121 1200 1176 1274 in·

140 1295 255 1373 ifibilis
278 1295 456 1387 pudorem
476 1291 622 1367 humani
642 1291 783 1366 exordii
796 1313 874 1368 non
891 1294 1094 1393 recusavit,
1137 1299 1174 1374 dr

140 1417 175 1488 er
195 1395 499 1487 conceptionem,
532 1406 696 1486 partum,
729 1391 911 1490 vagitum,
940 1415 1068 1498 cunas,
1094 1419 1174 1476 om.

140 1519 171 1571 es
192 1509 328 1569 nature
349 1491 481 1566 nostre
500 1492 739 1566 contumelias
761 1496 985 1573 transcurrit.

184 1616 243 1683 25.
271 1592 369 1693 Quid
386 1590 529 1668 tandem
547 1591 691 1688 dignum
705 1594 846 1668 anobis
871 1607 980 1668 tante
997 1595 1173 1693 dignatio·

140 1701 162 1770 is
180 1692 322 1770 affeilui
344 1691 589 1786 rependetur?
614 1691 865 1768 lnenarrabilis
884 1714 902 1766 a
919 1692 1004 1768 Deo
1023 1698 1172 1794 originis

140 1815 204 1870 nus
221 1794 426 1888 unigenitus
445 1791 568 1885 Deus,
592 1792 631 1865 in
646 1790 848 1886 corpusculi
864 1793 1173 1874 humaniformam

140 1893 233 1968 nde
261 1894 418 1988 Virginis
438 1903 547 1963 utero
563 1889 714 1966 insertus
730 1890 912 1967 accrescit.
965 1894 1037 1990 Qui
1051 1900 1173 1972 omnia

140 1995 300 2083 eminet,
340 1990 486 2062 &intra
503 2008 632 2081 quem,
668 1989 702 2062 dr
720 2010 784 2083 per
805 2010 910 2082 quem
925 1987 1053 2066 cunila
1068 1990 1172 2090 sunt,

140 2092 254 2166 amani
282 2103 405 2182 partus
434 2088 513 2184 lege
542 2087 747 2182 profertur,
783 2087 888 2163 &ad
912 2091 1013 2182 cujus
1039 2113 1176 2172 vocem

140 2189 326 2286 schangeli
346 2187 597 2284 atqueAngeli
619 2200 802 2284 tremunt,
829 2189 952 2266 celum
975 2190 1014 2264 u·
1029 2185 1175 2272 terra&

140 2292 231 2365 mnia
252 2288 372 2363 mundi
392 2289 497 2381 hujus
516 2286 750 2361 resolvuntur
762 2291 959 2381 elementa,
982 2295 1179 2390 vagituin.

140 2392 229 2465 mtiae
244 2390 398 2465 auditur.
459 2389 533 2487 Qui
546 2387 731 2462 invisibilia
749 2388 784 2464 dr
802 2389 1173 2483 incomprehensrbilia

140 2491 181 2584 l,
212 2510 289 2561 non
309 2490 410 2582 visu,
446 2486 565 2582 sensu,
593 2486 760 2583 sausque
779 2490 1041 2584 moderandus,
1068 2497 1175 2570 cunia

140 2591 158 2664 l
186 2591 399 2664 obvolutus.
451 2585 586 2661 Haecfi
616 2588 694 2678 quis
718 2587 862 2684 indigna
886 2589 972 2662 lieo
1003 2595 1171 2691 recolet,

141 2704 209 2762 nto
239 2685 274 2761 se
303 2690 448 2781 majoris
477 2682 644 2760 beneficii
675 2688 878 2760 obnoxium
905 2684 1173 2786 confitebitur,

140 2804 241 2863 tanto
263 2789 379 2862 minus
395 2788 471 2860 haec
491 2785 560 2858 Dei
578 2784 822 2858 convenerint
840 2784 1022 2878 majestati.
1078 2789 1172 2868 Non

142 2913 164 2963 e
189 2889 288 2984 eguit
312 2887 428 2964 homo
455 2884 566 2966 effici,
600 2903 665 2975 per
691 2883 933 2973 quemhomo
956 2885 1067 2965 faetus
1091 2889 1196 2988 est„
1257 2957 1259 2962 ,

140 2991 163 3064 d
186 3009 256 3064 nos
280 2989 462 3081 eguimus,
499 3001 541 3060 ut
554 2983 656 3057 Deus
671 3002 757 3057 caro
774 2980 904 3079 fieret,
941 2985 1171 3068 &habitaret

152 3089 276 3178 nobis,
303 3084 420 3178 idest,
448 3081 657 3159 aliumtione
676 3084 908 3159 carnisunius
921 3089 1079 3163 membra
1092 3093 1169 3168 uni·-

140 3186 215 3264 erl'ae
236 3188 351 3260 carnis
374 3186 563 3260 incoleret.
615 3182 807 3258 Humilitaa
828 3186 905 3285 ejus
925 3185 1170 3265 nostranobi·

140 3310 185 3362 :as
204 3286 269 3384 est,
295 3287 514 3360 contumelia
533 3287 610 3378 ejus
622 3285 744 3368 honor
765 3284 888 3362 noster
901 3284 969 3362 est:
996 3291 1093 3380 quod
1108 3293 1172 3368 ille
1287 3363 1292 3376 ,

140 3410 204 3462 eus
220 3387 257 3459 in
278 3408 387 3460 carne
405 3384 619 3481 consistens,
652 3384 727 3458 hoc
745 3404 816 3459 noa
835 3384 981 3464 viciffirn
994 3388 1032 3463 in
1046 3387 1170 3470 Deum

140 3486 474 3562 :carnerenovati
1118 3533 1121 3538 -
1159 3525 1161 3532 ·

177 3592 235 3660 26.
262 3586 330 3659 Sed
354 3607 402 3659 ne
426 3584 524 3659 forte
542 3584 728 3688 detineant
749 3579 970 3679 scrupulosas
994 3587 1170 3667 mentium

140 3688 345 3786 »gitationes
362 3707 477 3774 cuna,
505 3685 661 3780 vagitus,
690 3696 812 3776 partus
827 3701 934 3776 atque
952 3689 1167 3782 concepti03

140 3786 281 3865 ddenda
305 3784 356 3859 est
376 3786 516 3881 lmgulia
539 3784 609 3857 Dei
624 3785 796 3880 dignitas:
831 3798 873 3856 ut
886 3787 1088 3860 voluntatis
1099 3787 1169 3874 ¹lru·

140 3890 288 3964 ilitatem
301 3886 489 3980 potestatis
507 3885 656 3960 ambitio
670 3882 870 3976 praecedat,
904 3905 973 3960 nec
990 3886 1169 3984 dignatio·

140 3989 345 4082 ‚indignitas
358 3987 592 4078 derelinquat.
642 3982 970 4081 Videamusigitur‚
996 3983 1170 4078 quasunt

140 4087 289 4164 [nisteria
322 4103 536 4180 conceptus.
586 4081 749 4182 Angelus
774 4081 954 4160 Zacharia
977 4085 1168 4181 loquitru,

140 4190 207 4266 erili
223 4201 345 4281 partus
362 4183 526 4277 affertur,
554 4184 599 4258 de
612 4185 746 4258 incenfi
762 4187 849 4260 loco
869 4185 1168 4262 sacerdosmutua

140 4288 294 4372 reditur,
317 4286 553 4383 Jonauaesin
566 4305 703 4384 vocem
715 4284 832 4367 adhuc
844 4297 954 4364 utero
967 4287 1091 4368 matris
1107 4288 1172 4367 de·

992 4399 1117 4462 tentus
