2742 4959
503 613 725 692 Ltnn
773 611 827 698 ΙΙ.
1151 645 1198 720 35

130 788 221 884 artu
237 781 350 858 Patris
367 775 408 859 s}
434 779 519 878 iilia·
538 775 579 857 d
604 779 757 876 Spiritus
771 774 897 871 santii.
958 776 1091 860 Forma
1111 780 1198 864 fidei

130 897 231 968 certa
250 879 323 957 est:
347 878 407 958 sed
424 891 598 973 quanmm
614 878 659 956 ad
671 877 864 956 hereticos
882 881 1000 976 omnis
1017 879 1197 961 sensusin·

130 999 252 1108 cartus
271 978 334 1059 est„
388 977 490 1078 Ergo
515 999 595 1054 non
621 980 809 1075 preceptis
837 980 970 1074 aliquid
993 981 1196 1066 addendum

130 1083 218 1182 est,
234 1080 295 1157 sed
313 1079 443 1158 modus
459 1077 510 1156 est
522 1077 794 1155 constituendus
811 1078 982 1172 audacia:
1017 1096 1080 1176 ut,
1101 1083 1197 1179 -quia

130 1181 327 1280 malignitas
353 1177 518 1256 inlbnuu
547 1179 733 1256 diabolica
764 1178 1013 1257 fraudulentia
1036 1184 1196 1264 excitata

130 1286 322 1362 veritatem
339 1300 460 1355 rerum
479 1297 544 1373 per
562 1295 699 1354 naturae
718 1281 865 1356 nomina
886 1279 1019 1376 eludit,
1044 1304 1112 1360 nos
1132 1304 1196 1362 na·
1261 1321 1265 1336 =

130 1395 245 1466 turam
262 1382 450 1458 nominum
467 1377 712 1474 proferamus3
740 1379 774 1454 u
792 1379 912 1472 editis,
939 1396 1051 1472 prout
1062 1384 1098 1458 in
1111 1404 1194 1458 ver·

130 1483 182 1574 bis
202 1482 432 1577 habebimus,
469 1477 643 1578 dignitate
658 1491 765 1573 atque
778 1475 909 1568 ¹officio
926 1477 1063 1577 Patris,
1088 1481 1193 1582 Filii,

130 1582 279 1680 Spiritus
305 1577 432 1674 santii,
470 1600 548 1654 non
572 1576 787 1656 frustrentur
808 1595 946 1655 naturae
963 1582 1195 1676 proprietati·

130 1689 194 1772 bus
212 1684 374 1776 nomina,
401 1676 460 1756 sed
474 1679 569 1754 intra
584 1694 721 1754 natura
736 1676 1195 1782 significationemnomini·

130 1786 196 1862 bur
212 1796 434 1858 coartentur.
486 1775 536 1854 Et
551 1777 696 1876 nescio,
730 1780 874 1873 quidde
894 1779 949 1855 his
963 1783 1072 1858 rebus
1087 1785 1192 1860 aliter

130 1881 361 1958 sentientibus
376 1878 483 1953 animi
497 1876 554 1970 fit,
579 1879 772 1955 veritatem
786 1880 1117 1974 corrumpentibus,
1139 1898 1194 1960 te-

130 1984 258 2068 nebras
288 1978 360 2053 luci
388 1976 649 2072 inferentibus,
685 1975 890 2053 insecabilia
925 1976 1194 2080 desecantibus,
1222 2005 1225 2010 ·

130 2083 341 2172 incorrupta
362 2073 626 2171 scindentibus,
650 2075 800 2152 indivisa
816 2076 1067 2174 partientibus,
1101 2081 1195 2188 Qut·
1224 2131 1226 2142 .

130 2184 197 2256 bus
210 2176 234 2254 u
248 2192 387 2268 tautum
405 2173 500 2250 fatto
515 2172 622 2249 facile
638 2174 691 2250 est
704 2175 863 2272 perfetta
873 2197 1110 2277 concerpere,
1130 2181 1192 2279 Jua

130 2292 269 2375 ponere
291 2263 461 2371 potestati
478 2274 679 2370 ,modum
710 2273 1001 2376 circumscribere
1027 2277 1192 2363 infinitos

130 2379 211 2462 mihi
226 2391 326 2452 certe
345 2377 402 2451 his
413 2370 644 2470 respondenti
663 2374 701 2448 in
724 2378 818 2454 curis
834 2376 934 2452 aestus
951 2378 1017 2472 est,
1041 2381 1079 2455 in
1091 2380 1194 2459 sensu

130 2479 224 2554 labes
240 2476 310 2569 est,
341 2476 628 2571 inintelligentia
652 2474 777 2567 stupor
795 2475 865 2567 est;
898 2478 936 2551 in
951 2478 1114 2556 sermone
1131 2501 1193 2555 au·

130 2593 200 2653 tem
222 2599 297 2651 non
310 2575 382 2669 jnm
399 2571 665 2669 infirmitatem,
702 2575 759 2650 sed
777 2576 953 2652 filentium
969 2576 1191 2660 confitebor.

130 2674 177 2752 tt
189 2693 289 2752 certe
307 2677 392 2751 mihi
410 2688 650 2767 extorquetur
667 2673 741 2750 hoc
753 2677 864 2763 velle,
889 2676 973 2749 dum
989 2679 1023 2749 dt
1035 2679 1192 2756 audaciae

130 2775 315 2869 resrstitur,
350 2775 520 2852 &errori
533 2772 753 2866 consulitur,
792 2773 1196 2870 &ignorantiaeprovl·

130 2875 242 2951 detur.
295 2871 506 2950 Immensum
521 2873 721 2965 stantem,
748 2873 848 2966 quod
863 2874 1031 2970 exigitur,
1055 2876 1196 2954 incom-

130 2975 362 3073 prehensrbile
387 2971 459 3057 est,
496 2970 595 3065 quod
612 2972 790 3066 audetur,
816 2987 859 3046 ut
876 2974 969 3049 ultra
984 2972 1196 3068 praelinitio-

130 3097 209 3151 nem
226 3073 320 3168 Dei,
347 3069 462 3148 sermo
479 3071 524 3150 de
541 3071 624 3148 Deo
642 3070 693 3152 fit
744 3069 867 3150 Posuit
882 3087 1017 3149 natura
1029 3078 1192 3175 nomina,

130 3174 284 3269 Patrem,
309 3173 453 3267 Filium,
478 3169 822 3269 Spiritumssnuum.
872 3170 987 3247 Extra
997 3173 1193 3272 fignifican-

130 3275 211 3352 tiam
238 3273 409 3352 sermonis
430 3270 502 3368 est,
541 3287 644 3350 extra
657 3269 774 3350 sensus
787 3274 1052 3366 intentionem,
1089 3291 1203 3354 extra.

130 3374 371 3471 intelligentia
389 3372 687 3467 conceptionem,
714 3371 885 3467 quidquid
899 3375 996 3447 ultra
1007 3376 1192 3472 quaesitum

130 3494 203 3550 non
221 3474 449 3567 enuntiatur,
473 3494 550 3549 non
565 3472 775 3572 attingitur,
800 3493 878 3550 non
891 3483 1049 3558 tenetur.
1096 3476 1211 3552 Ver-¹

130 3575 165 3650 bi
189 3570 454 3672 significantiam
476 3575 527 3647 rei
557 3571 661 3665 ipisus
684 3584 811 3645 natura
835 3569 1037 3671 consumit,
1073 3571 1192 3653 sensus

130 3675 474 3767 contemplationem
493 3670 773 3765 imperspicabile
790 3671 911 3748 lumen
935 3675 1117 3767 obcaecat,
1142 3677 1196 3752 in·

130 3774 336 3872 telligentiae
359 3772 592 3867 capacitatem
617 3753 886 3865 quidquid'fine
909 3774 1010 3850 nullo
1027 3777 1195 3851 contine.-

130 3886 208 3969 tur,
247 3873 402 3949 excedit.
452 3871 523 3946 Sed
540 3890 608 3944 nos
626 3868 836 3980 necelsrtatis
852 3872 956 3968 hujus
972 3874 1016 3948 ab
1033 3893 1101 3967 eo,
1134 3874 1197 3967 qui

130 3972 205 4048 hac
234 3974 356 4049 omnia
383 3970 454 4070 est,
493 3973 636 4046 veniam
668 3968 929 4067 deprecantes,
966 3971 1195 4064 audebimus,

130 4094 347 4167 quaternus,
382 4073 589 4166 loquemur:
628 4069 689 4166 u,
722 4072 822 4165 quod
840 4068 955 4148 solum
971 4073 1009 4146 in
1027 4087 1200 4148 tantare-

130 4193 204 4248 rum
231 4171 425 4265 quastione
450 4170 717 4268 promittimus,
752 4192 814 4268 ea,
848 4192 928 4267 qua
944 4184 1053 4250 erunt
1069 4167 1199 4271 fignifi-¹

130 4288 230 4377 cata,
257 4272 456 4353 credemus.
909 4341 912 4346 .
962 4368 964 4372 Ι

625 4367 658 4468 C
682 4392 705 4445 a
978 4374 1015 4449 6.
1039 4365 1146 4448 Patet
