2742 4959
191 699 241 783 84
390 653 655 760 &dirimi
686 702 746 756 nis
778 679 1057 759 Tsiuiritts

191 851 286 927 nitas
299 847 343 921 sit
357 859 542 942 paterna3·
560 843 595 917 di
612 843 790 942 gloriosus
806 842 930 920 audior
950 845 1017 937 sit,
1053 865 1099 918 eii
1113 865 1187 938 quo
1205 848 1263 944 is,

193 953 254 1042 qui
272 948 333 1021 tali
349 944 463 1044 gloria
477 944 519 1018 fit
532 942 679 1040 dignus,
707 944 892 1024 exstiterit.
945 945 1044 1020 Nihil
1059 950 1167 1029 enim,
1193 950 1260 1026 nili

190 1065 317 1128 natum
333 1039 574 1137 brustinus,
599 1041 761 1216 &geniti
774 1045 925 1119 honoris
938 1046 1128 1120 admiratio
1142 1049 1178 1121 iii
1192 1050 1262 1122 ho·

192 1169 285 1225 nore
300 1142 505 1244 generantis
524 1141 587 1220 est.
671 1142 758 1218 ellat
772 1166 860 1242 ergo
878 1147 1004 1241 opinio
1018 1151 1264 1226 contumeliaet

170 1270 275 1334 ,cum
289 1241 459 1338 quidquid
476 1239 584 1317 inesse
595 1240 690 1318 Filio
706 1244 895 1337 majestatis
912 1245 1125 1338 docebitur,
1158 1249 1193 1321 id
1213 1249 1260 1326 ad

192 1342 476 1443 amplificandam
488 1341 703 1436 potestatem
721 1343 819 1438 ejus,
845 1345 905 1440 qui
918 1345 1261 1444 istiusmodigenue·

191 1450 258 1534 rit,
283 1442 511 1520 redundabit.
1246 1527 1248 1532 ¹

273 1565 329 1621 11.
355 1539 588 1635 Consequens
609 1554 729 1617 autem
752 1541 822 1637 est,
854 1557 897 1617 ut
920 1546 1075 1642 cognitis
1095 1548 1164 1639 jam
1184 1548 1260 1644 iis,

193 1667 273 1742 quae
296 1644 349 1740 ad¹
364 1642 668 1720 deformationem
689 1642 768 1716 Filii
795 1645 840 1718 de
862 1644 967 1720 Patre
983 1647 1128 1721 confessi
1148 1645 1256 1742 sunt,¹

189 1748 228 1822 id
244 1743 355 1839 ipsum
367 1741 474 1836 illud,
501 1743 600 1834 quod
619 1742 664 1816 de
684 1741 779 1815 Filio
801 1743 1051 1838 proscissum,
1078 1747 1255 1826 audiatur.

189 1841 407 1939 Responsuri
425 1843 520 1918 enim
538 1839 680 1942 singulis
704 1863 829 1918 eorum
851 1845 1179 1938 propositionibus,
1219 1847 1255 1921 dt

188 1939 1256 2042 divinorumdidiorumtestimoniisirreligiol'ameorumdu-

190 2045 338 2123 minam
349 2043 548 2139 prodituri,
575 2041 746 2118 debemus
764 2045 807 2118 ad
824 2047 904 2136 illa,
932 2066 1009 2135 quae
1027 2045 1070 2118 de
1084 2046 1190 2120 Patre
1206 2048 1257 2121 di·
1288 2049 1292 2056 “

91 2137 96 2152 ’
190 2145 362 2238 nitunt,
395 2164 457 2236 ea,
482 2163 560 2236 quae
581 2142 752 2236 deinceps
769 2144 814 2216 de
829 2142 923 2218 Filio
947 2145 1015 2220 sint
1035 2167 1255 2221 commemo·

188 2261 289 2338 rata,
314 2243 542 2338 subjungere:
554 2256 610 2328 ¹ut
623 2242 846 2318 consessione
858 2265 922 2338 ea,
949 2265 1026 2334 quae
1042 2246 1086 2320 de
1099 2245 1203 2320 Patre
1219 2247 1255 2321 dt

189 2345 284 2436 Filio
302 2342 373 2436 est,
398 2341 493 2415 inter
510 2340 545 2415 se
560 2356 780 2436 comparata,
808 2365 898 2418 unus
916 2361 1023 2437 atque
1039 2346 1132 2419 idem
1149 2368 1168 2418 a
1183 2365 1252 2416 no·

184 2447 245 2536 ‚bis
260 2445 297 2518 in
311 2441 536 2515 absolvendis
548 2440 688 2538 singulis
704 2444 1014 2539 propositionibus
1025 2446 1117 2518 ordo
1131 2458 1253 2516 tenea·

190 2558 262 2621 tur.
314 2543 524 2617 Memorant
536 2562 690 2632 namque
707 2541 837 2618 Filium
853 2546 925 2620 Dei
943 2566 1060 2637 neque
1075 2567 1119 2616 ei
1134 2544 1254 2633 aliqua

188 2645 395 2737 subjacente
413 2645 560 2717 materia
575 2643 735 2739 genitum
752 2642 842 2735 else,
869 2646 949 2735 quia
962 2665 1025 2737 ptr
1037 2664 1115 2716 euin
1131 2660 1254 2717 creata

189 2748 310 2822 omnia
325 2745 404 2821 sint,
428 2762 546 2833 neque
563 2765 608 2815 ex
626 2741 804 2823 Decesse,
832 2744 1150 2834 quindecedereex
1167 2743 1252 2817 Deo

189 2847 278 2921 nibil
302 2844 424 2940 possit:
458 2840 515 2915 sed
537 2841 605 2915 esse
624 2864 669 2916 ex
689 2843 748 2935 iis,
783 2865 859 2934 qiiae
878 2864 954 2928 non
973 2859 1094 2932 erant3
1129 2844 1251 2933 idest,

190 2962 386 3020 creaturam
408 2942 479 3014 Dei
496 2940 711 3034 persenam,
745 2959 994 3018 verumtamen
1015 2967 1090 3017 non
1107 2944 1253 3018 similem

189 3045 326 3118 caeteris
343 3043 527 3130 creaturis.
578 3040 658 3114 Esse
675 3056 793 3116 autem
808 3059 1027 3135 creaturam3
1055 3049 1136 3136 quia
1148 3046 1253 3137 scrip·

186 3158 263 3216 tum
283 3141 341 3215 sit:
383 3146 544 3212 murinus
567 3146 690 3212 creauit
707 3168 752 3211 ms
769 3150 806 3211 iri
820 3149 952 3214 initium
966 3153 1096 3217 viarum
1111 3148 1250 3232 fusium.

184 3239 266 3315 Esse
290 3241 396 3313 etiam
419 3239 588 3313 fadiurnm
611 3239 824 3335 persestum,
850 3241 1001 3316 sednon
1022 3245 1163 3317 similem
1186 3266 1254 3313 cae·

184 3343 271 3415 teris
285 3339 446 3413 fauoris:
473 3339 643 3414 fanniam
658 3356 776 3414 autern
792 3362 856 3433 per
872 3343 921 3431 id,
950 3347 1046 3432 quod
1064 3341 1189 3412 Paulus
1205 3341 1251 3412 ad

183 3439 360 3516 Hebraeos
376 3441 484 3513 dixit:
514 3435 621 3512 ‘ninii
635 3443 746 3514 melior
756 3441 867 3533 fusius
886 3446 1026 3533 angelis,
1052 3454 1174 3535 quanta
1194 3463 1252 3508 ex.

182 3540 399 3613 essentiatus»
417 3541 468 3609 liis
487 3538 619 3637 possidet
640 3565 764 3618 rumen.
816 3539 865 3613 Et
883 3539 1035 3613 rursum:
1072 3541 1162 3608 Unde
1173 3538 1251 3630 fru-

183 3657 250 3713 ires
259 3637 369 3736 saniii
378 3692 388 3728 ,
413 3645 591 3711 vocationis
610 3641 727 3738 celestis
743 3646 924 3737 participer,
948 3639 1109 3731 cognoscite
1124 3641 1251 3738 Aposto-

180 3737 264 3826 ium,
306 3739 346 3813 ὅ
373 3744 546 3836 principem
568 3743 758 3832 sacerdotum
778 3735 974 3830 constffionis
1001 3741 1107 3834 nostra
1137 3742 1250 3834 Jesunr

185 3837 360 3935 Christum,
385 3843 559 3934 quifideiis
580 3842 671 3938 ιβιὶ,
696 3844 753 3941 qui
763 3838 846 3932 fetis
865 3861 943 3907 tum.
995 3836 1055 3912 Ad
1068 3838 1251 3913 infirman-

182 3941 264 4014 dam
285 3956 376 4009 vero
394 3937 472 4010 Filii
490 3939 524 4010 &
543 3944 737 4020 uirtutem,
763 3937 1040 4030 &potestatem
1068 3940 1250 4012 &divini-

178 4052 317 4135 tatem,
339 4057 385 4110 eo
401 4041 552 4112 maxime
572 4054 746 4129 utuntur,
773 4036 872 4130 quod
891 4037 1040 4111 dixerit:
1072 4045 1169 4112 Pater
1179 4064 1249 4107 ma.

171 4143 228 4236 jor
242 4161 288 4208 ms
306 4119 360 4233 ιβ.
407 4135 549 4232 idcirco
567 4154 685 4213 autem
707 4156 783 4210 nou
804 4135 874 4208 else
891 4159 973 4212 eum
987 4160 1096 4212 unuin
1112 4160 1156 4209 ex
1168 4158 1245 4208 om·

179 4239 287 4312 nibus
303 4237 473 4308 creaturis
491 4240 722 4324 concedunt,
748 4236 828 4326 quia
848 4235 1014 4333 scriptum
1038 4238 1095 4314 sit:
1127 4241 1245 4309 Omnis

171 4356 232 4433 per
257 4361 327 4410 suri
345 4334 443 4432 fusis
460 4335 556 4429 sunt,
615 4335 964 4437 concluduntergo
989 4357 1132 4413 omnem
1158 4337 1252 4411 irre.

1071 4436 1201 4536 ligiosi·

845 4673 858 4724 l
