2742 4959
250 548 254 556 ι

495 546 715 695 araia
763 618 808 698 X.
1113 626 1184 724 369

107 779 238 893 puras
277 784 391 877 Juxta
414 780 456 877 iss
483 781 615 866 ausen
637 797 729 855 reum
752 785 792 854 in
805 804 859 855 m
872 796 948 878 sato,
984 779 1025 861 si
1039 786 1078 857 in
1095 787 1183 863 eorde

115 912 189 978 tuo,
211 889 271 972 scat
289 884 345 981 ess,
371 882 502 955 versem
514 884 613 971 fidei,
637 883 720 981 quad
730 886 955 978 predicemus:
978 892 1055 981 quia
1063 885 1095 982 fi
1110 912 1183 962 mr-

106 988 209 1089 seffus
220 985 330 1078 saeris
349 987 386 1055 in
401 1007 453 1052 ore
469 1000 543 1067 tuo,
568 988 644 1080 quia
664 988 752 1054 Deus
768 986 855 1054 idum
865 983 1041 1071 sufiitavir
1057 1013 1078 1056 a
1099 1011 1181 1061 mor·

114 1097 206 1175 tuis,
228 1085 413 1177 lavaberis.
465 1080 600 1177 Juslum
617 1078 705 1155 sides
727 1080 961 1171 consummat,
986 1083 1182 1166 secundum

114 1186 215 1281 quod
232 1182 363 1258 dissum
383 1179 453 1256 est:
488 1185 631 1252 Credidit
645 1184 809 1252 Abraham
831 1189 912 1270 sleo,
939 1181 978 1259 U
993 1188 1180 1277 depuratum

112 1290 154 1385 all
173 1293 202 1358 er·
219 1287 260 1355 ad
271 1284 440 1382 jussellum.
490 1279 676 1371 Numquid
689 1280 868 1359 Abraham
883 1284 1116 1359 calumniatus
1126 1284 1180 1363 est

115 1411 136 1461 a
155 1387 241 1464 Deo
248 1435 263 1476 ,
295 1379 438 1456 'cumei
464 1380 705 1455 haereditatem
723 1381 902 1477 gentium,
938 1383 1180 1464 &secundum

111 1486 311 1573 stellarum,
338 1493 577 1574 atquc‘arenae
589 1479 868 1573 multitudinem,
894 1480 1123 1557 mansurent
1141 1483 1180 1562 so

112 1583 249 1660 sobolis
269 1580 558 1657 numerositatem
578 1579 842 1675 pollicebatur?
868 1578 928 1654 De
947 1584 1183 1675 omnipoten-

113 1687 165 1758 tia
186 1687 281 1756 enim
301 1680 369 1754 Dei
390 1679 492 1754 Fides
509 1677 669 1776 religiosa
686 1702 762 1771 nou
782 1682 983 1776 ambigens,
1015 1682 1179 1760 humanm

113 1780 331 1859 infirmitatis
350 1778 492 1878 nonest
511 1780 658 1852 detenta
678 1784 834 1867 naturis3
860 1778 919 1853 sed
935 1781 991 1874 id,
1018 1784 1117 1874 quod
1138 1785 1181 1860 im

113 1875 902 1973 seetatcaducumterrenumquedespiciens,
928 1880 1179 1975 divinaespou·

113 1980 220 2057 saonis
236 1976 342 2060 fidem
358 1977 612 2052 ultramodum
633 1995 821 2068 corporeae
836 1975 1104 2055 constitutionis
1116 2003 1179 2056 ex·

115 2082 226 2174 cepit:
256 2077 338 2171 quia
352 2097 572 2169 nequaquam
589 2075 658 2149 Dei
678 2077 816 2150 virtute
831 2079 890 2151 sex
902 2076 1005 2171 posset
1021 2081 1178 2158 humana

113 2179 315 2269 moderari,
341 2191 478 2252 tantum
495 2177 533 2250 in
546 2172 735 2251 efficiendo
755 2177 977 2252 liberalitatis
992 2178 1076 2254 Deo
1091 2200 1180 2277 pro·

113 2292 253 2361 mente.
278 2273 495 2370 quantumin
512 2273 533 2349 s
552 2275 723 2371 ondeudo
740 2274 945 2351 ostenderet
960 2280 1177 2360 voluntatis.

113 2375 217 2478 Nihil
241 2369 349 2473 igitar
370 2374 494 2469 justius
513 2299 585 2449 slde
606 2375 674 2451 est:
707 2379 789 2468 quia
811 2398 891 2452 cunr
907 2365 1052 2469 aequita's
1066 2395 1180 2474 atquc

113 2475 318 2552 moderatio
346 2488 573 2550 terrenorum
598 2473 736 2551 atinum
766 2476 807 2551 sit
833 2479 1049 2572 probabilis,
1086 2481 1178 2558 nihil

113 2574 373 2669 tamenJ'uslius
397 2575 533 2649 homini
557 2573 626 2667 sat,
660 2597 765 2668 quam
788 2579 1090 2671 omnipotentiam
1104 2579 1179 2658 Dei

112 2672 307 2750 indefinitae
324 2673 396 2747 Dei
419 2673 607 2767 potestatis
627 2673 863 2768 intelligentia
879 2674 1073 2755 credidisse.

189 2777 249 2869 69.
275 2771 380 2847 Hauc
395 2772 515 2863 itaque
532 2773 569 2842 in
589 2773 718 2863 nobis,
744 2793 821 2861 quae
838 2795 884 2845 ex
902 2771 1053 2870 sideest,
1077 2776 1177 2868 justi.

115 2873 200 2946 tiam
218 2869 420 2964 Apostolus
442 2866 653 2962 expectans,
684 2870 831 2944 incerta
851 2888 958 2965 atque
971 2872 1090 2951 infidae
1103 2897 1179 2961 amq

113 2972 294 3068 biguitatis
312 2968 608 3066 irreligiositatem
624 2970 804 3063 removit,
831 2986 957 3047 vetans
973 2993 1092 3052 curam
1106 2975 1176 3052 sol·

110 3073 221 3146 licitae
239 3072 277 3143 ln
292 3089 360 3143 cor
374 3070 605 3167 cogitationis
623 3069 775 3162 admitti,
801 3068 881 3144 dissi
895 3073 1001 3149 etiam
1017 3074 1176 3171 prophe·

114 3173 176 3245 tici
197 3167 413 3245 undositate
436 3168 640 3258 monstrata.
691 3167 755 3242 Ait
779 3171 890 3246 euim:
924 3175 978 3246 Ne
995 3178 1114 3247 dixeris
1136 3181 1176 3253 in

110 3272 198 3343 corde
213 3289 288 3364 rus,
312 3276 383 3366 quis
399 3270 555 3360 adfremit
573 3274 611 3339 in
627 3267 761 3342 calum?
785 3269 873 3345 Haec
892 3292 914 3346 rt
930 3272 1109 3368 propheta
1120 3274 1174 3352 ita

112 3370 217 3464 dicia,
243 3367 404 3463 subjecte
418 3361 600 3444 sententiae
616 3366 843 3446 absolutione
858 3370 1098 3467 prosequitur,
1124 3375 1178 3448 di·

112 3492 219 3545 cens:
248 3474 318 3543 Hoc
336 3470 377 3567 eft
395 3468 556 3564 Christum
575 3466 728 3541 deducere.
780 3468 869 3543 Non
887 3468 1034 3550 enimse
1053 3474 1089 3548 sn
1107 3494 1175 3548 cae·

111 3567 234 3643 lestem
258 3568 437 3644 scientiam
451 3570 612 3644 humauae
630 3569 758 3643 mentis
771 3566 886 3643 sensus
902 3570 1083 3646 extendit:
1114 3571 1177 3651 sed

110 3663 1034 3769 nequededivinisoperibusreligiosafidesambigit.
1080 3670 1176 3751 Non

111 3764 385 3861 eguit‘Christu‘s
399 3769 560 3843 humanae
575 3767 720 3840 virtutis
736 3767 894 3861 auxilio,
919 3786 1022 3846 uter
1038 3771 1098 3845 illa
1112 3777 1175 3848 be·

111 3866 297 3940 atitudinis
316 3864 383 3940 suu
405 3867 486 3942 sede
500 3863 746 3942 adscendentis
763 3870 970 3961 cujusquam
987 3872 1025 3945 iu
1045 3874 1175 3951 mlum

111 3965 477 4060 opededueereturiu
489 3985 644 4061 corpus:
670 3967 1175 4066 nonexteriorpotestaseum

110 4067 186 4164 egit
198 4064 242 4139 ad
261 4080 385 4141 terras.
437 4065 644 4141 Credendus
663 4065 716 4140 est
736 4066 891 4160 venill'e,
916 4071 1029 4160 qualis
1052 4069 1089 4145 dt
1109 4094 1197 4147 vo.

108 4168 185 4243 nita
217 4164 478 4260 &verapietas
498 4166 568 4258 est,
595 4162 770 4242 Christum
785 4167 1085 4262 nondeduuun,
1111 4168 1174 4254 sed

110 4264 384 4343 descendentem
403 4262 580 4345 confiteri.
632 4260 1017 4349 sacramentariorum
1033 4268 1104 4362 eu,
1138 4271 1174 4350 u

159 4369 201 4445 S.
215 4366 344 4443 Hilarii
357 4355 487 4444 Trans.
750 4364 825 4448 Aa
1084 4369 1124 4451 in
