2742 4959
869 229 874 236 ·
896 225 950 279 ‚at-l

725 302 826 345 nu

195 643 315 714 txxrv
535 631 573 710 S.
622 587 965 718 Hrnaarr'

297 796 460 872 Perierat
483 795 635 874 omnino
660 797 862 892 posteritati
888 815 981 891 opus
998 796 1118 872 hoece
1131 801 1265 894 grave,

157 955 163 984 ι
200 922 263 1002 nili
276 918 413 995 residua
426 916 502 1010 ejrts
518 915 718 1012 fragmenta
736 919 893 1012 quaedam
903 918 1002 994 forte
1012 915 1174 1012 fortuna,
1200 939 1263 1008 nea

199 1039 374 1130 folorini,
409 1034 600 1111 inveniiiet
622 1037 659 1111 P.
674 1038 852 1136 Pithoeur,
888 1039 1025 1133 dequo
1043 1038 1173 1113 horum
1193 1039 1282 1114 ἰη-Ι

199 1175 427 1262 gmentorum
446 1156 581 1250 editor,
605 1157 855 1274 llicolausque
867 1159 983 1236 Faber
999 1160 1037 1234 iu
1051 1157 1265 1255 prefatione

198 1283 312 1384 multa
326 1281 493 1374 preclara
509 1278 608 1356 dicit

297 1399 358 1474 De
381 1385 458 1492 ipso
483 1411 602 1475 autem
627 1399 746 1475 hocce
763 1402 800 1476 in
820 1421 895 1476 rem
907 1401 1116 1476 litterariam
1135 1402 1264 1496 partim

195 1521 338 1613 Pithoi,
366 1519 494 1615 partim
508 1519 665 1594 fortunae
681 1518 861 1595 beneficio
877 1497 1008 1597 ibidem
1025 1521 1109 1595 talia
1121 1535 1261 1598 narrat:

196 1641 327 1742 „Cum
343 1640 455 1716 vitam
470 1637 544 1735 ipse
558 1639 606 1713 irc
619 1639 830 1732 instituisset,
855 1654 897 1715 ut
911 1640 1103 1717 commoda
1117 1642 1261 1735 publica

193 1767 328 1855 ubique
354 1760 508 1853 propriis
532 1761 688 1858 negotiis
717 1774 982 1857 prevenerat,
1019 1761 1261 1856 sevienteque

192 1883 349 1964 Lutetiae
373 1881 572 1973 pestilentia
590 1881 892 1980 Augustobonarn
911 1879 1142 1974 Tritanum,
1182 1901 1261 1973 quae

92 2024 95 2028 ’
190 2003 279 2083 illud
295 2001 400 2076 nobis
421 1999 510 2078 sidus
522 2001 707 2095 ediderat,
749 2000 953 2096 secelliffet‚
978 2001 1100 2078 natiua
1118 1999 1262 2077 aFran·

191 2122 288 2206 tileo
312 2121 456 2206 Fratre,
488 2123 571 2194 viro
588 2123 736 2216 propria
751 2124 857 2197 laude
879 2125 1025 2202 virtutis
1042 2125 1076 2201 δι
1091 2119 1261 2202 doetrinae

192 2242 398 2333 elariilrmo‚
423 2241 456 2314 δι
476 2243 581 2334 plane
597 2256 702 2316 tanto
718 2244 818 2318 fratri
838 2242 1044 2337 Gemma,
1073 2258 1181 2320 vetus
1199 2265 1261 2318 ex·

84 2409 86 2442 ,
191 2365 326 2460 amplat
341 2359 537 2436 fabularum
553 2360 783 2457 AEsopiarum
794 2364 965 2458 improbi,
990 2377 1032 2438 ut
1048 2383 1129 2438 eum
1141 2379 1258 2438 vocat

189 2484 388 2573 Martialis,
422 2477 577 2575 Phaedri,
614 2504 688 2577 quo
710 2505 823 2579 opere
841 2483 1021 2559 eruditum
1047 2480 1188 2557 Tiberii
1208 2483 1258 2556 se·

190 2609 310 2684 cu'lum
331 2603 418 2678 nihil
438 2602 619 2677 venustius
636 2605 884 2701 elegantiusve
898 2603 1073 2697 protulit,
1107 2606 1168 2679 vel
1189 2604 1254 2679 hu·

187 2730 247 2828 jus
263 2726 313 2799 sui
328 2721 476 2799 secellus
492 2726 670 2800 rationem
687 2725 832 2818 publice
844 2720 1006 2796 constare
1019 2724 1152 2800 voluit.
1185 2724 1256 2798 lta·

189 2865 259 2944 que
274 2847 477 2941 procuratis
492 2844 752 2919 charaueribus
777 2862 846 2938 pro
865 2858 973 2936 captu
992 2844 1092 2916 urbis
1112 2844 1254 2936 quidem

107 2941 117 2960 κ
187 2988 343 3062 magne,
377 2965 644 3056 assequentis,
672 2962 731 3038 sed
746 2978 955 3039 mercatura
972 2984 1014 3038 ac
1032 2966 1253 3040 commercio

186 3089 330 3189 penitus
348 3081 491 3157 additia
507 3093 614 3172 atque
630 3098 837 3176 occupate,
865 3084 1029 3159 alitteris
1048 3106 1141 3159 vero
1153 3087 1256 3179 peni·

187 3224 246 3286 tus
261 3208 402 3296 alienae,
429 3202 672 3299 elegantibus,
702 3200 959 3295 conuentaque
976 3206 1097 3300 operia
1110 3204 1188 3277 illas
1201 3203 1253 3278 fa·

185 3330 287 3410 bulas
305 3324 367 3400 suo
388 3324 527 3415 sumtu,
555 3338 663 3415 atque
678 3321 755 3396 hac
771 3323 969 3422 fragmenta
986 3327 1083 3418 typis
1102 3324 1250 3420 vulgare

185 3445 383 3534 constituit.
434 3443 474 3517 ln
499 3464 568 3536 qua
584 3446 809 3538 cogitatione
826 3445 996 3520 absolutis
1010 3443 1153 3535 fabulis,
1180 3442 1250 3516 his·

185 3588 257 3670 que
278 3566 483 3662 fragmentis
511 3578 650 3640 tantum
671 3587 748 3638 non
766 3567 810 3640 ad
828 3565 1031 3642 umbilicum
1046 3562 1249 3658 perdullis,

184 3692 243 3768 vir
265 3688 534 3764 immortalitate
556 3684 768 3786 dignifflmus
792 3684 835 3762 ad
859 3687 1044 3762 meliorem
1062 3684 1178 3762 vitam
1198 3682 1248 3760 as·

184 3805 317 3894 stitutus
342 3805 403 3886 est.

281 3925 465 4010 uiderem
483 3926 683 4016 hocloco,
717 3922 813 4000 unde
825 3923 902 4000 linc
919 3921 1026 4001 etiam
1048 3923 1247 4026 fragmenta

183 4049 339 4142 eruerit,
364 4046 427 4127 nisa
442 4049 548 4124 bonis
569 4046 657 4120 viris
670 4044 847 4138 eiusmodi
863 4063 979 4124 rerum
994 4049 1244 4144 cognitionem

181 4167 439 4273 profitentibus
459 4166 630 4241 ruborem
651 4162 855 4242 suffundere
874 4186 1042 4261 vererer,
1076 4170 1136 4262 qui
1159 4167 1247 4242 deli·

180 4288 349 4372 noscentis
363 4287 467 4389 hujus
481 4286 519 4363 in
535 4284 773 4368 Bibliothetis
792 4284 861 4369 sula
877 4285 1030 4370 thesauri
1045 4290 1148 4367 velut
1161 4287 1247 4366 Gal·

1138 4410 1194 4487 lus
