2742 4959
85 951 89 968 ·
155 909 249 982 latur
268 899 498 999 repreil'urus
512 900 597 996 elle,
625 903 686 994 qul
704 902 835 978 nudam
857 899 1013 978 detradia
1030 903 1132 976 larva
1144 923 1228 996 pro·

85 1069 96 1088 ·
153 1029 257 1102 leret.
329 1021 421 1096 Eam
448 1022 499 1095 ob
521 1019 659 1098 causam
679 1023 1227 1100 Ariminensrs³ac8e1euciensrs

85 1169 104 1224 ι
200 1142 310 1220 ncilii
322 1141 496 1236 historia,
529 1139 675 1216 Arianae
689 1141 786 1216 secta
803 1145 841 1216 in
864 1139 1068 1216 Occidente
1087 1140 1229 1234 praeser·

85 1303 108 1334 .
152 1267 207 1344 tim
227 1261 336 1362 gesta
359 1261 691 1356 comprehendere,
729 1263 763 1336 u
788 1265 824 1338 in
848 1258 1041 1356 conspectu
1063 1265 1226 1340 omnium

85 1417 106 1452 a
187 1401 339 1480 ponere
362 1381 520 1458 Hilarius
543 1365 697 1458 curavit.
760 1383 873 1480 Quod
892 1395 963 1454 tam
986 1383 1113 1460 dextre
1139 1405 1227 1478 prae·

85 1505 113 1584 lt
151 1503 252 1598 litit,
291 1515 470 1594 quantum
488 1503 551 1577 vel
568 1523 614 1576 ex
634 1500 717 1578 solis
733 1501 941 1600 fragmentis
965 1501 1224 1602 perspicimus,

152 1639 183 1698 ut
198 1624 289 1698 libri
301 1635 378 1698 tarn
394 1622 438 1697 ad
451 1619 603 1698 Arianae
620 1643 680 1696 res
693 1622 919 1696 elucidandas
937 1619 1051 1714 utilis,
1077 1637 1224 1718 tamque

85 1768 117 1822 a·
152 1741 335 1822 usuarii
352 1741 526 1836 jucturam
542 1741 625 1817 satis
650 1743 774 1842 lugere
796 1763 873 1815 non
895 1743 1100 1842 ualeamus,
1137 1767 1226 1840 prae·

85 1885 117 1940 m
152 1861 282 1962 num,
303 1861 911 1956 cuminchoatoConstantinopoli,
924 1862 1093 1958 deinceps
1105 1865 1225 1962 quoad

85 2006 115 2058 u·
172 1987 261 2081 'xit,
289 1981 327 2060 ei
342 1981 475 2082 singula
489 1983 662 2080 adjecerit
677 1997 932 2078 monumenta,
960 2003 1038 2076 quae
1061 1986 1106 2060 ad
1119 1985 1224 2060 Aria·

85 2127 112 2188 a,
150 2125 225 2190 eam
245 2101 438 2180 historiam
457 2104 699 2198 pertinebant.

213 2241 336 2338 Opus·
357 2239 447 2318 illud
467 2230 630 2322 nondum
656 2257 734 2320 erat
753 2241 978 2338 absolutum,
1012 2266 1095 2322 cum
1114 2248 1225 2321 inter-

92 2397 104 2440 r
149 2363 368 2442 sinendum
381 2364 586 2460 judicavit,
609 2379 653 2439 ut
671 2365 923 2440 vehementius
939 2369 1107 2459 aliquod,
1134 2389 1224 2461 prae·

85 2487 100 2532 ³
148 2483 357 2574 bouesque
394 2483 592 2562 remedium
616 2481 784 2560 Eccleslae
822 2486 1003 2560 laboranti
1024 2489 1224 2564 adbiberet

85 2634 94 2674 ι
148 2601 236 2680 Cum
262 2605 365 2680 eninr
382 2607 441 2679 alii
457 2603 655 2679 Constantii
672 2618 897 2677 terrerentur
913 2607 1060 2699 edidis,
1095 2629 1138 2678 ac
1159 2609 1223 2679 mi-

85 2709 94 2775 ⁵
149 2729 224 2822 fia,
249 2723 314 2798 alii
333 2728 518 2816 ementita,
546 2744 589 2797 ac
608 2722 691 2797 falsa
709 2723 813 2816 ipsius
830 2725 1005 2820 religione
1019 2727 1225 2800 detineren-

85 2849 92 2904 t
150 2859 220 2942 aar,
247 2866 297 2922 err
311 2865 389 2920 non
403 2845 639 2940 potiebantur
658 2842 765 2918 alumi
783 2845 1055 2934 tranquilitate,
1079 2867 1225 2938 quaerr-

85 2969 90 3020 l
153 2967 303 3062 politam
317 2965 357 3038 in
371 2986 418 3039 eo
435 2966 533 3040 libro
553 2963 607 3036 rei
630 2965 823 3038 veritatem
838 2961 1092 3058 perspicerent.
1148 2965 1224 3040 De·

85 3109 92 3130 ·
152 3087 226 3166 buit
245 3085 286 3160 da
300 3083 503 3160 Constantii
519 3085 681 3178 impietas
699 3083 881 3160 manifesta
900 3080 981 3157 fieri
998 3086 1062 3178 iis,
1087 3088 1148 3178 qui
1160 3109 1223 3161 au·

85 3228 93 3250 '
154 3205 321 3286 storitate
335 3205 441 3302 ipsius
452 3206 488 3280 in
497 3223 658 3280 errorem
671 3202 952 3281 abducebantur.
1002 3205 1127 3300 Lupus
1141 3221 1221 3285 erat

85 3335 94 3392 t
154 3325 322 3406 adversus
344 3323 473 3402 Christi
489 3345 633 3425 gregem
653 3321 823 3416 saeviens,
855 3319 916 3400 sed
934 3326 1031 3418 pacis
1052 3327 1088 3400 dt
1103 3329 1221 3406 unita-

155 3451 192 3526 u
219 3449 387 3524 obtentu
406 3447 591 3542 palliatus,
622 3445 707 3518 ovis
726 3443 854 3537 pellem
872 3465 948 3540 prae
964 3443 999 3519 se
1018 3446 1160 3524 ferebat
1176 3471 1222 3524 ac

85 3595 96 3615 ·
154 3573 320 3664 mltum,
344 3565 457 3641 &sub
480 3567 652 3642 ementita
670 3564 813 3660 pietatis
831 3565 985 3663 imagine
1001 3587 1080 3642 non
1101 3570 1221 3646 mino-

85 3716 98 3739 ·
152 3707 220 3768 tam
237 3687 404 3783 cladem,
429 3707 535 3781 quam
557 3698 680 3779 aperta
701 3684 761 3779 vi,
784 3685 977 3763 inferebat.

85 3847 92 3874 '
216 3827 341 3928 AEgre
367 3825 472 3906 seed
495 3828 603 3902 talem
629 3840 758 3900 contra
773 3825 1044 3920 Imperatoriam
1061 3831 1221 3924 maJosta·

85 3953 89 3970 '
154 3965 220 4032 tem
247 3949 380 4026 libello
403 3949 583 4042 acciardt,
612 3946 713 4039 quod
731 3947 947 4044 prudentiae·
982 3951 1073 4024 vicit
1095 3967 1221 4028 tamen

85 4067 90 4108 ¹*
153 4069 216 4150 Dei
236 4071 275 4147 dr
290 4067 462 4144 Ecclefie
478 4067 602 4160 causa,
628 4065 729 4158 quod
747 4067 970 4144 fortitudinis
987 4093 1152 4168 magnum
1164 4093 1218 4146 ar·

85 4181 96 4234 ²
154 4207 362 4294 pimentum
381 4185 444 4264 eit
494 4188 689 4272 Prudentia
706 4189 811 4264 etiam
829 4190 941 4289 duce,
973 4193 1073 4288 quod
1089 4191 1221 4268 stame-

85 4307 97 4360 Ι
192 4319 236 4394 S.
251 4313 388 4394 Hilarii
402 4303 533 4388 Tomi·
781 4310 806 4386 b
1090 4323 1170 4410 rat,
