2742 4959
401 751 472 816 oa
507 732 785 832 Suoora,
814 729 1008 816 Lim.
1052 793 1054 798 -
1165 721 1236 835 snt

163 899 506 987 matesuml'erimua.
542 896 805 991 Datevaniam,
828 894 988 988 Fratrer,
1013 893 1239 971 dolorimeoe

163 1007 318 1103 impium
335 1003 402 1098 est,
427 1000 527 1098 quod
542 1000 694 1076 audetia.
742 997 833 1073 Nou
847 999 967 1093 patior
981 996 1235 1090 hanevocem,
1267 1034 1269 1038 ·

165 1123 213 1182 ut
233 1108 270 1180 in
295 1104 522 1181 anathemate
538 1100 582 1176 fit
601 1097 819 1176 homoufiuu
831 1096 1024 1174 secundum
1036 1095 1239 1196 religiosam

164 1206 442 1304 intelligentiam
471 1198 664 1280 confiteor.
713 1195 864 1275 Nomen
886 1198 974 1275 nihil
996 1199 1106 1275 habet
1122 1199 1238 1272 crimi-

164 1309 241 1401 nia,
268 1303 367 1401 quod
377 1299 513 1380 sensum
524 1321 601 1377 non
613 1299 803 1395 perturbat
814 1299 1013 1398 religionis.
1063 1297 1238 1375 Homoeu·

165 1407 248 1492 sion
263 1404 401 1495 nescio,
425 1424 495 1479 nec
512 1403 692 1500 intelligo,
716 1399 780 1475 nist
791 1414 930 1478 tantum
945 1398 1116 1475 absimilis
1127 1397 1239 1475 elsen-

166 1504 475 1584 tieconfellioue.
524 1499 659 1576 Testor
673 1497 796 1575 Deum
815 1499 894 1575 coeli
913 1515 1021 1593 atque
1034 1514 1153 1593 terro,
1179 1520 1240 1575 me

168 1628 254 1682 cum
268 1620 437 1680 neutrum
453 1600 635 1686 audissem,
655 1597 793 1696 semper
811 1615 933 1676 tamen
951 1613 1145 1694 utrumque
1162 1597 1239 1675 sen·

166 1705 267 1799 fisse,
301 1703 401 1797 quod
423 1723 489 1800 per
502 1699 720 1779 homousion
734 1699 960 1776 homoeunon
974 1715 1168 1797 oporteret
1186 1703 1240 1776 in·

167 1806 304 1904 telligi:
335 1806 372 1879 id
388 1803 542 1879 estnihil
557 1802 667 1878 simile
686 1795 957 1878 fibisecundum
972 1803 1136 1876 naturam
1167 1798 1240 1878 eise

167 1905 294 2006 polle,
330 1904 396 1980 nili·
407 1904 514 1998 guod
532 1900 620 1980 ess'et
637 1923 684 1976 ex
704 1901 829 1978 eadem
845 1912 985 1979 natura.
1034 1900 1243 1999 Regenera·

168 2021 232 2082 tua
256 2004 414 2100 pridem,
450 2003 484 2080 dt
506 2004 546 2078 in
563 1998 786 2098 Episcopatu
808 1997 1060 2096 aliquantisper
1072 2007 1242 2096 mauena',

162 2103 283 2186 -fidem
305 2103 491 2180 Nicaenam
507 2123 701 2198 numquam
715 2100 783 2177 uili
797 2105 1006 2178 exulatuma
1018 2101 1158 2177 audivi:
1185 2102 1246 2177 sed

171 2207 261 2286 mihi
277 2203 454 2281 homousii
469 2200 713 2280 &homoeusii
722 2201 993 2302 intelligentiam
1001 2199 1242 2303 Evangelia&

170 2304 345 2403 Apostoli
369 2305 642 2380 intimaverunt.
701 2301 803 2378 Pium
825 2301 899 2396 est,
932 2304 1031 2396 quod
1057 2305 1241 2379 volumus.

169 2405 236 2484 Ne
257 2406 463 2481 damnemur
489 2418 629 2498 patrea,
665 2423 714 2480 ne
733 2403 928 2480 animemus
951 2402 1160 2480 hereticos:
1196 2425 1246 2479 ne

174 2506 260 2583 dum
279 2504 436 2581 heresim
456 2506 663 2599 apellimus,
689 2503 845 2580 heresim
867 2505 1078 2581 nutriamur.
1126 2502 1245 2579 Inter·

172 2606 306 2708 pretati
323 2618 445 2702 patrea
465 2602 578 2682 nostri
590 2601 672 2680 sunt
683 2602 767 2699 post
785 2599 962 2701 synodum
977 2601 1163 2681 Niconam
1175 2606 1244 2680 ho·

173 2705 300 2785 moulii
327 2703 587 2798 proprietatem
615 2701 806 2801 religiose,
838 2718 966 2779 extant
984 2700 1086 2798 libri,
1122 2719 1246 2783 manet

175 2801 414 2880 conscientiae
440 2802 559 2896 siquid
570 2802 960 2900 adinterpretatiooem
969 2804 1168 2881 addendum
1178 2805 1246 2891 est,

174 2903 418 2980 communiter
442 2900 678 2981 consulamur.
728 2902 853 2980 Potest
872 2906 1060 2980 internos
1085 2907 1247 2999 optimua

171 3000 259 3084 fidei
272 3001 518 3078 statuacoudit
548 3019 731 3098 utneeea,
756 3002 1243 3106 quaebeuesuntconstitute,

175 3099 386 3197 vexentur,
406 3102 440 3177 dt
458 3124 535 3196 quae
548 3106 640 3179 male
656 3102 738 3181 sunt
757 3104 963 3195 intelledta,
988 3105 1206 3186 resecentur.

276 3225 338 3299 92.
362 3199 529 3300 Egressus
551 3204 649 3300 sum,
680 3205 825 3288 Fratres
847 3204 1054 3303 charisimi,
1080 3208 1245 3285 humanae

174 3300 407 3382 couscientia·
424 3304 621 3399 pudorem:
656 3304 915 3388 &humilitatis
930 3325 1019 3384 mee
1034 3307 1248 3395 immemor,

162 3403 225 3483 'de
238 3405 349 3480 tantia
366 3424 408 3478 ac
426 3418 499 3481 tam
519 3406 720 3481 reconditis
733 3408 863 3502 rebus,
895 3406 931 3484 &
949 3407 993 3486 ad
1011 3428 1125 3502 utque
1148 3410 1245 3489 hano

150 3598 153 3607 ,
171 3518 320 3585 aetatem
341 3503 499 3580 nostram
514 3506 702 3582 intentatis
720 3527 764 3583 ao
778 3508 897 3583 tacitia
914 3527 1039 3586 amore
1054 3507 1163 3585 vestri
1183 3531 1248 3587 co·

176 3603 277 3682 astus
294 3606 370 3684 haec
389 3601 520 3703 scripsl,
543 3604 756 3700 &quaeipse
769 3608 973 3700 credebam,
998 3607 1145 3684 loeutus
1158 3610 1246 3690 sum:

176 3704 345 3781 conscius
368 3705 477 3799 mihi,
501 3706 577 3782 hoo
599 3727 659 3784 me
676 3703 846 3784 Eccleoae
859 3708 992 3785 militie
1006 3731 1093 3786 meae
1116 3709 1249 3807 stipen-

176 3803 278 3880 dium
296 3805 450 3899 debere,
476 3819 518 3882 ut
533 3825 600 3900 per
612 3808 675 3886 baa
694 3809 854 3901 litteras,
880 3809 1107 3907 episcopatus
1125 3815 1195 3890 mei
1210 3816 1248 3891 iu

177 3902 324 3982 Christo
342 3927 488 3999 vocem,
513 3905 706 3984 secundum
726 3907 906 3986 dostrinaa
921 3912 1163 4009 evangelicas,
1189 3915 1249 3991 de·

174 4003 357 4086 siinarem.
407 4005 577 4085 Vestrum
592 4007 644 4085 est
660 4011 698 4085 in
718 4029 911 4096 commune
931 4013 1083 4090 tradiare
1101 4036 1143 4088 ac
1162 4035 1246 4109 pro·

177 4108 310 4182 videre
334 4119 442 4200 atque
467 4128 594 4204 agere,
631 4123 695 4202 ut,
729 4109 829 4204 quod
848 4130 963 4206 usque
979 4133 1077 4190 nunc
1095 4111 1251 4192 inviola-

178 4205 247 4283 bili
275 4205 349 4283 fide
373 4209 546 4301 manetis,
578 4206 745 4308 religiosa
766 4210 986 4290 conscientia
1006 4215 1250 4311 conservetis,

181 4303 219 4400 ,ἀ
245 4306 422 4401 teneatla,
447 4309 548 4400 quod
563 4313 709 4390 tenetis.
760 4310 993 4393 Mementote
1011 4317 1109 4392 exilii
1133 4317 1251 4395 mello

182 4409 415 4508 orationibus
435 4407 576 4491 landis:
602 4431 710 4508 aquo
720 4432 794 4506 me,
871 4412 1174 4513 stexpolitionem
1190 4419 1253 4495 hu·

182 4509 241 4608 lua
257 4505 358 4610 fidei,
382 4509 522 4615 nescio,
547 4533 594 4596 au
608 4515 812 4698 ιιωιίἰιοιιιι
836 4533 897 4600 um
913 4513 1024 4600 eit-ad
1041 4517 1254 4698 tanagritanu-

753 4635 775 4716 3
1181 4638 1207 4693 o
