2742 4959
494 653 500 664 ·
552 619 760 738 Vina,
841 629 872 660 '·
1100 617 1203 697 ri'x'ur'

138 809 196 889 rga
217 785 438 866 orientales
458 787 495 862 in
513 779 609 863 liure
630 771 682 862 de·
699 782 843 882 synodis
859 771 1074 862 moderatio.
1123 783 1194 859 Le·

138 914 210 984 itua
235 910 388 1003 quidem
409 909 644 1004 prudentibus
663 905 790 981 Hilarii
805 903 978 1000 responsis
996 903 1105 979 suerit
1119 905 1194 981 Lu·

138 1031 225 1126 iser,
252 1028 366 1104 facile
383 1043 504 1104 tamen
519 1026 705 1104 recruduit
719 1025 896 1120 offensio,
921 1025 983 1100 ubi
999 1024 1099 1099 illum
1111 1045 1193 1103 cum

138 1149 277 1227 usebio
301 1149 450 1244 potius,
487 1144 593 1243 quam
614 1145 733 1224 secum
757 1146 878 1222 facere
891 1145 1082 1222 intellexit
1132 1143 1194 1220 Sic

138 1271 266 1372 setina
292 1267 442 1344 Lucifer
471 1267 505 1344 dr
527 1281 656 1344 natura
685 1267 884 1344 austeriore
908 1265 1194 1342 inclementiam

138 1391 203 1466 aud
220 1389 384 1466 multum
401 1388 624 1486 propensus,
660 1409 739 1464 non
758 1388 925 1465 damnare
948 1408 1025 1462 non
1043 1401 1194 1482 poterat

138 1513 241 1586 [ilarii
264 1511 305 1584 in
327 1511 543 1605 recipiendia
566 1509 627 1604 iia,
658 1509 719 1603 qui
743 1508 898 1585 Arimini
922 1505 1006 1600 lapli
1021 1504 1191 1602 fuerant,

138 1635 342 1708 uilitatem.
401 1631 497 1706 Hinc
515 1631 609 1724 apud
631 1645 747 1708 totam
770 1628 932 1706 Luciferi
951 1622 1077 1704 sestam
1100 1629 1196 1704 mald

138 1756 246 1848 udiit‚
270 1752 379 1827 velut
392 1747 1027 1845 quilaudemlibiinEcclesrapartam
1047 1749 1193 1843 „inter-

138 1877 259 1972 uperit
276 1871 406 1948 favens
426 1871 763 1967 prevaricatoribus
787 1911 839 1930 -—
862 1871 977 1946 verba
999 1867 1079 1944 sunt
1093 1869 1194 1944 Mar·

138 1995 232 2070 tllini
262 1993 299 2066 dc
321 1989 477 2066 Faustini
495 1994 533 2067 in
551 1993 676 2067 libello
697 2013 847 2087 precum
870 2029 923 2046 -
946 2001 1076 2064 utnon
1097 1990 1193 2066 dica-

138 2139 211 2211 ula,
233 2113 292 2188 'dt
313 2111 512 2204 haereticis,
548 2113 585 2188 in
611 2133 704 2206 quos
727 2113 945 2206 eloquentiae
966 2109 1034 2185 suae
1053 2111 1191 2188 viribus

138 2233 409 2312 eroraverat“
460 2231 599 2309 Contra
614 2233 708 2330 apud
717 2253 798 2328 eos,
824 2253 1193 2326 quosnoncxcoeca·

138 2361 165 2432 it
182 2355 389 2432 schismatis
407 2353 540 2450 caligo,
565 2333 736 2454 gloriam,
763 2377 867 2448 quam
885 2352 1038 2448 pristinis
1052 2352 1191 2452 scriptia

138 2478 297 2568 ustisque
313 2489 507 2568 meruerat,
533 2497 610 2551 non
628 2491 767 2552 tantum
784 2496 861 2552 nou
878 2475 1101 2568 obscuravit,
1128 2489 1192 2549 aut

138 2595 326 2690 tterrupit,
352 2591 411 2668 sed
433 2593 744 2692 &propemodum
760 2596 976 2672 cumulavit:
1004 2595 1087 2670 dum
1102 2617 1192 2686 prae-

140 2735 178 2793 ta
193 2714 379 2790 'veritatis
403 2717 508 2810 luce,
547 2717 583 2791 du
608 2717 841 2813 indulgentiae
869 2713 1044 2788 facilitate
1064 2715 1191 2790 oblata

138 2835 286 2914 ccleftae
313 2834 493 2930 reddidit,
530 2857 625 2929 quos
650 2839 684 2910 ei
709 2835 963 2910 haereticorum
988 2833 1109 2932 fraus,
1145 2855 1193 2910 ac

138 2977 237 3035 uror
258 2952 463 3030 abstulerat.
965 2981 972 2994 ·

181 3097 334 3174 Durum
350 3094 454 3189 sane,
488 3093 522 3169 δι
541 3117 561 3169 a
579 3093 776 3171 Christiana
800 3097 991 3170 clementia
1009 3117 1050 3170 ac
1064 3097 1193 3189 lintpli·
1240 3149 1244 3160 .

138 3225 228 3296 itate
247 3217 404 3292 alienum
422 3217 636 3310 videbatur,
672 3217 714 3289 iis
742 3231 805 3290 aut
822 3238 898 3291 non
917 3218 1089 3313 credere,
1128 3231 1191 3290 aut

138 3338 374 3438 tdulgeotiam
389 3357 541 3435 negare,
575 3339 674 3434 „qui
694 3337 766 3412 fine
784 3333 1004 3440 conscientia
1027 3379 1079 3396 -
1103 3337 1191 3414 Hic·

138 3458 263 3555 rnymi
282 3459 320 3532 in
340 3457 421 3532 dial.
445 3470 576 3530 contra
588 3455 746 3532 Lucifer.
767 3459 882 3531 verba
897 3455 977 3534 sunt
1004 3497 1055 3514 -
1079 3457 1190 3532 haere.

138 3584 170 3655 ci
197 3579 433 3670 ferebantur,
471 3575 838 3668 contestabanturque
859 3599 992 3671 corpus
1017 3577 1190 3671 Domini,

138 3725 142 3774 ι
164 3696 344 3796 quidquid
369 3699 406 3770 in
424 3693 582 3802 Ecclesia
600 3695 755 3770 sanflum
778 3695 852 3791 est,
893 3698 927 3771 se
946 3701 1033 3774 nihil
1053 3700 1134 3774 mali
1153 3699 1192 3772 in

138 3843 168 3897 ta
197 3815 273 3895 fido
297 3815 541 3913 fitspicatoa.“
591 3817 739 3891 Planum
764 3819 859 3892 enim
888 3833 985 3912 erat,
1024 3842 1090 3894 eos
1112 3841 1189 3893 uno

138 3941 211 4016 acia
231 3941 367 4014 intuitu
382 3933 553 4032 recepisse
570 3933 724 4010 Arimini
739 3940 961 4034 propositam
978 3939 1101 4032 fidem,
1129 3961 1203 4014 ne..

138 4083 182 4138 ue
206 4061 296 4136 huic
323 4059 408 4132 illos
431 4053 662 4147 consensisse,
698 4053 761 4132 nili
786 4057 972 4152 postquam
994 4062 1115 4136 multis
1145 4081 1193 4136 ex

138 4180 311 4260 {atholica
330 4175 553 4254 conscientia
568 4173 736 4273 adicitis,
763 4181 936 4284 poeabuli
952 4181 1192 4282 consulflantia·

233 4325 237 4333 ·
618 4301 691 4388 b4
1098 4304 1141 4377 lis
