2742 4959
513 641 836 724 sessuri.
1143 669 1209 734 m

126 809 286 887 libesim
300 801 410 904 perse
424 803 625 904 prestandi,
651 808 750 902 quod
762 807 938 905 perhunc
951 807 1208 892 librumfscere

128 927 391 1030 proposuerat.

234 1047 322 1122 Alia
346 1048 396 1124 est
417 1048 534 1123 adhuc
552 1041 705 1121 Erasmo
726 1047 771 1122 de
791 1048 865 1142 hoc
884 1050 980 1123 libro
995 1070 1073 1125 non
1090 1052 1208 1130 minus

128 1170 385 1269 improbabilis
408 1168 562 1262 opinio,
589 1187 658 1260 qua
676 1190 758 1243 eum
774 1169 1022 1265 imperfectum
1042 1170 1113 1247 elle
1133 1175 1208 1248 exi·
1236 1153 1238 1164 ¹

129 1285 265 1368 stimat.
316 1288 408 1365 Non
432 1301 572 1362 rentum
591 1288 732 1387 integer
755 1288 826 1364 esse
843 1290 1011 1386 videtur,
1052 1292 1210 1369 &abso-

127 1415 254 1508 lutus‚
299 1408 359 1484 sed
383 1408 417 1482 &
439 1410 483 1484 ab
511 1412 626 1484 aliena
652 1430 761 1485 manu
784 1432 830 1486 ex
856 1409 954 1485 libris
975 1414 1011 1484 de
1034 1415 1209 1490 ‘Irinirarr

128 1555 211 1609 non
225 1530 463 1609 mediocriter
471 1529 763 1627 suttuseppsret,
784 1529 1206 1632 eorumforlitsnopers,

128 1655 191 1748 qui
217 1671 270 1727 ex
290 1651 399 1725 vsriis
422 1651 621 1727 eorundem
642 1652 819 1729 librorum
846 1653 1064 1728 centonibus
1090 1654 1206 1730 libros

129 1777 165 1847 de
189 1777 307 1847 Parsis
322 1774 361 1848 U
371 1774 442 1864 filii
470 1776 626 1864 Unirare,
664 1795 734 1848 nec
755 1793 832 1847 non
853 1773 899 1848 de
916 1770 1074 1848 Essentis
1090 1773 1206 1850 Patris

129 1893 270 1971 &Filii
288 1908 569 1971 contexuerunt
619 1895 709 1969 Haec
732 1892 880 1969 accellio
900 1897 1045 1986 antiqua
1060 1895 1206 1984 quidem

128 2017 205 2112 cst,
240 2033 325 2090 cum
346 2017 454 2089 etism
473 2017 512 2087 in
530 2014 668 2088 Codice
688 2014 852 2088 Colbert.
869 2016 913 2088 ab
937 2016 1037 2088 annis
1062 2013 1207 2087 circiter

128 2140 217 2213 606.
242 2148 417 2228 exarato,
449 2134 483 2208 δι
510 2132 756 2226 Martiniano,
789 2133 850 2226 qui
872 2136 969 2210 hunc
992 2134 1212 2238 antiquitate¹

128 2259 300 2352 superat,
337 2276 407 2330 nec
433 2255 562 2330 nonin
583 2254 658 2326 aliis
677 2251 812 2347 septem
831 2266 953 2345 extet;
986 2258 1031 2330 ab
1051 2254 1208 2331 authore

129 2395 260 2453 tamen
274 2375 419 2449 minime
435 2370 603 2469 prodiisse
620 2373 924 2470 facilejudicatur‚
950 2393 1025 2451 tum
1043 2378 1124 2470 quie
1137 2377 1207 2451 fra·

130 2496 292 2596 gmentis
310 2494 450 2567 constat
466 2496 561 2567 inter
577 2492 611 2565 se
629 2496 780 2569 omnino
799 2496 994 2590 disolutis,
1021 2512 1097 2571 tum
1115 2498 1207 2598 ¹quie

130 2633 215 2693 tota
230 2612 332 2690 abest
349 2637 367 2687 a
386 2612 522 2687 Codice
538 2614 572 2688 S.
587 2612 684 2687 Petri
695 2618 854 2691 omnium
868 2618 949 2691 sane
961 2616 1206 2691 vetustissimo.

233 2733 378 2809 'sotum
390 2757 483 2833 opus
499 2736 572 2808 hoc
584 2736 622 2809 in
637 2738 696 2809 sex
708 2752 829 2830 partes
842 2736 1000 2809 distribui
1012 2736 1207 2812 commode

130 2854 278 2954 potest:
303 2855 415 2950 prima
430 2858 607 2928 orationis
629 2868 701 2928 tarn
712 2856 938 2930 vehementis
949 2856 1109 2929 rationes
1119 2877 1208 2950 pre·

131 2980 261 3054 mittit.
322 2975 487 3049 Secunda
513 2973 717 3072 perstringit
742 2975 1050 3071 persecutionem,
1098 2997 1206 3070 quem

132 3096 370 3173 Constantius
391 3097 581 3171 aconcilio
595 3095 917 3192 Arelatenfiusque
929 3099 971 3171 ad
981 3095 1207 3175 Ariminenses

134 3219 210 3293 live
227 3217 412 3290 blanditiis
430 3238 471 3289 ac
487 3216 711 3294 simulatione
725 3241 836 3294 ovem
853 3220 887 3294 se
905 3221 1104 3311 mentiens,
1130 3220 1207 3294 ssve

132 3340 244 3415 minis
266 3357 309 3410 ac
330 3336 507 3433 suppliciis
523 3341 644 3431 lupum
661 3360 768 3435 agens
786 3341 971 3413 excitavit.
1023 3339 1131 3414 Gesta
1144 3340 1207 3414 Se·

133 3454 325 3534 leuciensrs
343 3454 470 3551 synddi
487 3459 591 3533 tertia
608 3462 765 3556 stringit·
817 3460 972 3535 concilii
992 3460 1150 3552 ejusdem
1164 3459 1208 3536 fs·

134 3581 247 3672 dem,
274 3597 343 3669 qua
363 3579 484 3648 lilium
503 3581 597 3650 Patri
608 3579 964 3678 secundumscrr'pturas
974 3582 1105 3676 fimilem
1120 3578 1207 3658 defi·

134 3705 271 3794 eierat,
299 3695 498 3792 disiumque
515 3696 735 3780 Constantii:
760 3703 895 3793 „Nolo‚
922 3727 987 3798 qua
1003 3727 1071 3773 non
1082 3704 1214 3799 scriptu

128 3821 233 3916 suns,
257 3819 379 3910 ,sicce
405 3817 565 3916 suggillat
580 3834 705 3912 quarta
727 3834 835 3913 etque
856 3822 1045 3915 consutas,
1070 3821 1207 3895 Filii&

132 3941 253 4019 Patris
267 3937 512 4013 demonstrans
526 3942 774 4031 equalitatem.
829 3944 967 4042 Quinta
984 3945 1207 4017 Asianorum

131 4065 316 4160 ipsiusque
342 4056 541 4134 Constantii
561 4062 598 4136 in
620 4058 693 4133 fide
713 4061 989 4141 inconstantiam
1015 4059 1207 4156 represen-

132 4197 201 4260 tet.
252 4178 439 4256 Postrema
457 4178 622 4273 denique,
648 4180 672 4255 ss
689 4194 809 4258 tamen
822 4184 903 4259 libri
917 4185 1021 4277 hujus
1038 4202 1119 4279 pars
1133 4180 1206 4254 dici

134 4301 280 4404 potest,
304 4319 386 4396 que
399 4296 627 4377 licerlliurii
645 4305 768 4380 verbis
789 4305 950 4400 constet,
980 4303 1206 4400 aperegrina

1034 4439 1164 4505 tumeo
