2742 4959
287 591 368 618 ·.
513 611 856 711 'trientis
1001 639 1004 644 ’
1147 571 1225 729 ςῐςΙΙ

151 815 265 878 tatem
286 817 365 874 non
381 796 492 872 habet
500 794 546 872 de
555 795 677 890 aliquo
685 792 948 891 interrogandi,
973 792 1221 876 dissennonem

151 900 419 995 Apostolorum
438 898 676 993 ignoraverit.
725 895 796 969 Sed
811 898 858 988 ei,
885 897 1070 988 quinovit
1085 897 1221 983 omnia,

154 999 297 1096 rea-ipsa,¹
325 1019 403 1090 quae
417 1017 493 1072 non
512 995 639 1089 nescit,
666 993 878 1090 dispensatio
896 995 946 1068 est
956 995 1148 1087 aliquando
1159 1017 1223 1072 ne·

154 1098 289 1177 scirese
304 1099 425 1192 loqui:
451 1097 534 1172 dom
544 1109 607 1169 aut
620 1096 714 1189 apud
726 1094 906 1170 Abraham
916 1095 1061 1170 scientia
1074 1095 1222 1192 dissimu-

153 1206 250 1277 latur
262 1201 300 1272 in
316 1215 477 1292 tempus,
512 1210 575 1270 aot
592 1195 685 1290 apud
701 1193 824 1270 sttrltaa
840 1197 1019 1294 virgines,
1045 1196 1079 1270 ὰ
1094 1196 1223 1288 iniqui.

155 1299 444 1393 tatis=operarioe
460 1296 623 1393 cognitio
636 1308 787 1394 negatut
796 1295 962 1394 indignit,
987 1310 1050 1371 aut
1063 1297 1222 1372 insacra·

155 1415 282 1478 mento
310 1397 393 1472 filiis
411 1397 590 1489 hominis,
622 1395 861 1493 interrogatio
877 1399 1077 1492 ignorantis
1093 1420 1140 1471 ex
1154 1398 1222 1472 ho·

154 1505 252 1578 mine
264 1499 316 1574 est
328 1500 366 1571 in
382 1499 436 1571 hit
450 1494 486 1570 se
505 1495 673 1571 omnibus
689 1498 836 1570 veritati
845 1514 1038 1593 corporee
1053 1498 1229 1572 nativita··

153 1605 201 1675 tia
225 1599 489 1690 accomodans,
516 1600 644 1690 quibua
663 1612 800 1674 naturae
821 1594 952 1670 nostre
966 1594 1151 1672 infirmitas
1164 1598 1226 1672 de·

154 1705 312 1785 tinctur3
347 1718 422 1771 non
452 1710 494 1769 ut
516 1694 677 1772 infirmus
697 1695 785 1778 esset
800 1712 1008 1790 exuetere,
1034 1699 1095 1791 qui
1121 1698 1226 1774 Deur

157 1800 230 1889 est,
257 1796 315 1871 sed
336 1794 561 1871 infirmitates
581 1798 643 1874 srbi
657 1797 843 1872 hominum
861 1797 960 1872 Deus
982 1800 1095 1871 homo
1113 1812 1224 1872 natue

158 1895 370 1972 assumserit:
403 1895 597 1972 assumserit
621 1898 827 1991 autemita,
859 1916 936 1969 non
953 1899 1041 1969 utin
1060 1911 1226 1976 naturam

158 1996 334 2073 infirmam
350 1994 966 2088 naturaindemutabilirsitredatta,
989 1994 1050 2071 sed
1064 1998 1150 2071 utin
1163 2019 1225 2072 na-

158 2093 1113 2192 turaindemutabilisusceptioniaessetsacramentum:
1140 2097 1227 2172 dum

157 2198 195 2271 or
221 2196 283 2290 qui
303 2209 382 2270 erat
402 2197 523 2290 Deus,
558 2197 672 2272 homo
693 2195 762 2284 est;
800 2215 871 2270 nec
888 2196 991 2269 Deus
1005 2195 1140 2270 destitit
1155 2219 1229 2271 ma·

158 2316 261 2389 nere,
288 2298 350 2388 qui
363 2297 476 2371 homo
494 2295 557 2373 est.
608 2293 734 2395 Agens
748 2297 871 2388 itaque
889 2294 940 2388 se,
967 2294 1230 2396 atqueconsir·

156 2418 259 2473 mans
279 2399 463 2470 hominem
487 2411 633 2488 natum,
669 2416 819 2471 manens
834 2395 936 2470 Deua
951 2397 1136 2484 Verbum,
1170 2397 1230 2473 str-

156 2498 290 2593 pissime
307 2499 343 2571 in
360 2519 403 2570 ea
421 2491 472 2571 est
484 2497 728 2591 professione,
753 2517 822 2592 qua
840 2496 955 2571 homo
976 2495 1048 2589 est,
1075 2520 1158 2572 cum
1175 2511 1229 2570 ta·

157 2618 242 2672 men
265 2597 300 2670 ir
325 2595 542 2689 protestatio
563 2597 635 2670 Dei
656 2619 700 2671 ea
717 2596 761 2670 fit
781 2597 889 2692 sepe,
916 2611 994 2689 quae
1019 2598 1229 2673 hominurnt

157 2718 241 2769 cum
267 2717 310 2768 ea
335 2695 468 2787 nescit,
503 2717 583 2787 que
609 2710 672 2770 aut
694 2716 772 2769 non
794 2696 915 2770 smtin
931 2711 1098 2789 tempore
1114 2692 1231 2772 confi·

158 2796 289 2887 tenda,
316 2809 378 2866 aut
391 2790 467 2866 no'n
482 2793 726 2890 agnoscuntur
739 2794 975 2873 admeritum.

235 2900 294 2985 67.
321 2891 802 2990 Intelligendumitaqneest,
827 2893 1230 2988 eorpmfessuentdiem

158 2993 194 3069 se
207 2993 359 3067 'nescire
413 2991 450 3064 si
476 2996 629 3069 omnino
651 2993 788 3068 nescire
807 2994 988 3088 creditur,
1025 2993 1231 3091 Apostolus

159 3095 210 3168 ita
228 3090 461 3167 contradicit:
491 3097 534 3167 In
547 3095 1164 3195 quosunmmstlusaarisaprmtiae,
1187 3096 1231 3174 U

153 3191 448 3291 scientiaeabsconss.
499 3191 563 3270 Est
575 3213 664 3292 ergo
684 3191 853 3270 absconsa
867 3193 1030 3273 scientia:
1056 3199 1231 3292 quequia

159 3292 412 3368 abscondenda
435 3292 508 3384 est,
543 3294 726 3370 interdum
750 3295 784 3368 δι
807 3295 1002 3372 nescientia
1016 3294 1231 3374 confitenda

160 3394 233 3488 est,
267 3406 309 3467 ut
326 3389 395 3468 esse
416 3393 522 3488 possit
538 3393 719 3471 absconsa.
769 3395 866 3473 Nam
879 3396 903 3473 sr
916 3397 987 3472 erit
999 3397 1037 3473 in
1051 3396 1230 3493 protesta-

160 3498 277 3587 tione,
303 3515 381 3569 non
397 3494 899 3573 etiaminseetetomanebit
950 3495 1232 3597 Negttergose

160 3591 271 3667 scire:
295 3609 339 3665 ut
357 3591 503 3670 scientia
515 3597 626 3691 possit
640 3596 712 3673 esse
734 3596 952 3673 abscondita.
1005 3598 1161 3700 Quodsi
1179 3597 1233 3672 id·

162 3693 264 3765 circo
287 3691 417 3780 nescir,
456 3711 499 3769 nt
515 3695 662 3771 scientia
679 3711 823 3772 maneat
839 3694 1029 3788 absconsa;
1067 3719 1145 3774 non
1164 3716 1231 3794 per

163 3807 327 3866 naturam
351 3792 463 3868 nescit
485 3798 606 3872 omnia
627 3797 760 3889 scient,
787 3797 887 3892 quod
906 3798 1044 3874 idcirco
1061 3813 1228 3892 tantum,

163 3906 207 3965 ut
220 3890 426 3968 absconsum
445 3895 501 3989 fit,
528 3895 653 3972 nescit.
705 3895 779 3970 Cur
798 3898 1235 3974 autemdieiscientiaab·

157 3990 356 4084 sconsam,
384 4014 461 4068 non
471 3996 507 4069 in
520 3995 678 4071 obscuro
696 3996 757 4074 est,
807 3997 1232 4094 Namquemonenanoc

161 4090 330 4166 irremissa
360 4090 432 4167 fide
457 4097 621 4171 intentos
646 4097 783 4193 semper
804 4119 968 4193 manete,
1006 4100 1235 4175 securitatem

164 4194 387 4290 cognitionis
411 4191 567 4270 definitae
583 4198 730 4275 ademit:
762 4213 806 4275 ut
820 4201 983 4297 pendulae
999 4195 1235 4298 exspefiatio·

163 4294 220 4369 nis
233 4296 376 4372 incerto
390 4317 491 4374 mens
500 4296 666 4387 sollicita,
691 4299 875 4400 festinant,
901 4299 1234 4477 &adneptuedieor

1063 4420 1185 4498 emper
