2742 4959
206 633 284 722 με
515 615 945 702 .t.r11enn
1032 671 1035 678 -

208 787 340 870 suturis
355 783 501 881 synodis
516 785 726 880 probabiles
743 787 906 880 elucere,
932 807 1014 862 non
1028 801 1187 886 paterer
1199 811 1260 866 ouo

209 907 321 982 atque
336 890 466 962 eodem
491 887 697 980 apostolicae
718 883 801 960 fidei
815 887 914 961 sensu
932 889 1128 966 catholica
1144 891 1229 968 senti

210 1005 282 1070 tes.
309 991 425 1078 aliqua
435 985 554 1060 saltem
569 1009 589 1058 a
607 985 795 1060 catholicae
804 983 887 1062 fidei
901 987 1121 1066 fincericaee
1130 993 1277 1092 ignoraui

211 1093 408 1168 verborum
425 1088 601 1182 opinione
616 1085 773 1164 differre.
1266 1081 1272 1154 i

216 1261 225 1274 ,
283 1213 318 1286 9.
344 1177 392 1260 Et
408 1187 711 1280 quidemreslum,
738 1209 779 1261 ac
795 1189 1024 1264 conveniens
1038 1189 1224 1288 existimo,
1243 1193 1270 1268 u'

141 1285 149 1299 '
210 1303 294 1374 ente
314 1309 417 1382 quam
439 1289 485 1360 de
501 1288 699 1362 uerborum
718 1286 999 1382 suspicionibus,
1042 1313 1090 1364 ac
1115 1267 1273 1396 dissensui

209 1393 315 1466 nibus
330 1391 416 1461 ineo
432 1385 653 1476 sermonem,
688 1409 750 1481 ea,
777 1411 854 1482 quae
872 1392 918 1463 ab
934 1387 1201 1467 Orientalibus
1251 1399 1256 1414 “

209 1489 327 1588 scopis
345 1486 533 1562 adversum
556 1487 795 1583 conscriptam
820 1491 912 1582 apud
932 1489 1112 1566 Sirmium
1137 1495 1244 1569 haerelr

209 1591 322 1680 elicta,
358 1589 392 1662 dr
413 1587 608 1664 constituta
621 1590 708 1681 sint,
735 1590 877 1682 verbis,
905 1611 1012 1682 quam
1030 1591 1237 1688 possum‚a

207 1679 418 1768 solutissrmis
443 1687 701 1764 demonstrem:
737 1709 814 1762 nou
835 1691 934 1781 quod
952 1713 1035 1766 non
1062 1693 1112 1766 ab
1131 1697 1234 1789 aliisp

208 1793 343 1888 pillunc
362 1790 482 1864 omnia
506 1789 603 1862 edita
621 1787 707 1874 smt3
741 1787 800 1864 sed
828 1790 925 1881 quod
945 1813 990 1864 ex
1009 1813 1146 1888 graeco
1168 1781 1265 1874 inurl

206 1915 294 1974 num
318 1891 362 1964 ad
384 1891 536 1964 verbum
559 1887 720 1980 express'a
736 1891 922 1963 translatio
944 1891 1058 1965 affert
1075 1881 1263 2002 plerumqui

207 1990 478 2082 obscuritatem,
504 1989 588 2062 dum
603 1989 780 2062 custodita
798 1992 997 2064 uerborum
1016 1995 1184 2070 collatio
1204 2005 1262 2070 ear¹

208 2095 289 2174 dem
311 2089 571 2165 absolutionem
589 2110 665 2163 non
682 2088 804 2185 potest
822 2090 866 2165 ad
885 2092 1150 2190 intelligentiae
1170 2095 1253 2192 simpl·

206 2197 352 2274 citatem
368 2189 595 2264 conservare.

214 2347 220 2390 ;
287 2315 344 2376 10,
370 2287 581 2366 Meministis
598 2309 753 2379 namque
771 2291 807 2364 iu
822 2311 864 2362 oa
876 2288 947 2386 ipsa
964 2288 1107 2388 scripta
1123 2298 1262 2402 prorinei

207 2392 302 2488 apud
325 2390 488 2464 Sirmium
515 2390 735 2480 blasphemia
754 2390 789 2462 id
814 2407 993 2464 tentatum
1013 2417 1057 2466 ac
1080 2399 1263 2484 laborum:¹

206 2491 330 2582 fuisse,
367 2489 523 2561 utidum
545 2486 782 2574 Pateruuus,
822 2489 967 2562 &solus
994 2499 1163 2568 omnium
1185 2500 1254 2568 Deu

206 2594 439 2688 praedicatur,
479 2589 578 2662 Deus
606 2585 674 2659 elle
696 2588 803 2662 Filius
824 2609 1039 2686 nogaretum
1081 2596 1113 2666 ἃ
1133 2597 1215 2667 dum
1235 2617 1257 2666 u

206 2692 418 2770 homousio,
446 2712 487 2762 ac
506 2691 549 2761 de
564 2690 760 2761 horuoeusru
776 2694 885 2760 taceri
908 2693 1141 2786 decernitur,
1167 2698 1202 2767 id
1223 2697 1265 2776 de}

208 2809 347 2874 cretum
368 2791 451 2872 eli'e,
480 2805 521 2860 ut
540 2807 601 2861 aut
620 2811 663 2860 ex
677 2790 789 2860 nihilo
810 2807 848 2860 ut
871 2806 1051 2875 creatura,
1083 2812 1147 2867 aut
1161 2819 1202 2868 ex
1218 2781 1266 2898 alir'l

208 2894 355 2990 ell'entia
368 2911 409 2964 ut
424 2889 679 2982 consequentia
695 2905 952 2982 creaturarum,
984 2895 1019 2964 ἂ
1037 2916 1122 2969 non
1146 2898 1266 2988 cxlltrl

203 2995 312 3082 Patre
331 2995 429 3067 Deus
446 2993 554 3066 Filius
569 3004 670 3063 uatus
694 2988 981 3066 confirmaretur.
1047 2995 1152 3071 Tum
1173 3015 1266 3092 porr,

205 3097 328 3190 meo,
355 3095 452 3186 quod
471 3095 632 3182 bonore,
662 3092 852 3187 dignitate,
880 3093 1070 3188 claritate,
1102 3091 1265 3191 majella-c!

206 3196 314 3270 Pater
337 3198 450 3284 major
478 3195 678 3280 diceretur,
716 3194 750 3262 id
770 3192 838 3264 elic
864 3193 1070 3282 urulitum,
1118 3216 1161 3272 ut
1178 3185 1267 3272 Filiul

207 3298 262 3372 his
279 3297 459 3367 omuibus,
492 3295 616 3383 quibus
635 3292 936 3382 Patermujorest,
962 3294 1165 3391 indigeret.
1212 3299 1265 3390 lot

207 3396 339 3470 llremo
366 3394 448 3467 dum
469 3393 674 3487 ignorabilis
701 3395 870 3466 nativitas
893 3397 966 3486 ejus
987 3395 1183 3494 asseritur,
1211 3405 1264 3496 perg

205 3499 281 3572 boc
302 3494 513 3592 ignorantiae
540 3495 724 3565 decretum
742 3492 898 3586 nescire,
927 3496 1025 3585 quod
1044 3520 1094 3569 cx
1114 3501 1199 3574 Deo
1213 3499 1264 3583 uu}

204 3598 431 3692 juberemur:
463 3596 611 3686 perinde
627 3595 719 3683 quasi
731 3595 881 3686 juberi,
909 3595 1136 3690 decernique
1158 3599 1263 3693 posit}

206 3712 249 3776 ut
275 3699 374 3788 quis,
402 3711 463 3769 aut
487 3697 584 3785 quod
608 3695 835 3788 ignoraturus
862 3697 922 3788 sit,
952 3694 1060 3791 sciat,
1092 3715 1157 3772 aut
1185 3693 1264 3810 quur}

205 3796 346 3886 scierit,
379 3798 533 3892 ignoret.
585 3794 697 3886 Ipsam
722 3808 839 3867 autem
863 3818 906 3868 ex
931 3793 1047 3869 solido
1076 3801 1255 3892 impiillm:

206 3898 434 3991 blasphemie
450 3893 581 3988 pestem
597 3895 732 3966 invitus
748 3896 832 3965 licet
847 3894 996 3987 subdidi,
1023 3913 1068 3968 ut
1079 3901 1255 3994 respoulir·

205 4019 307 4088 num,
334 4019 410 4088 quc
431 3995 609 4068 ediverso
627 3996 670 4066 ab
687 3995 933 4068 Orientalibus
951 3996 1076 4087 positu:
1098 3999 1196 4084 sunt,
1223 3994 1262 4082 al}

205 4098 356 4171 solutius
377 4097 410 4168 ἃ
429 4099 566 4186 virtus,
594 4095 742 4184 &ratio
761 4094 992 4188 nosceretur,
1021 4101 1157 4186 quibus
1180 4103 1261 4176 studi

203 4197 294 4289 fuit,
327 4212 368 4268 ut
387 4196 579 4270 secundum
594 4194 839 4288 intelligentie
862 4194 928 4269 suae
949 4194 1089 4272 sensum
1109 4204 1259 4290 omnibu,-

203 4297 463 4376 hereticorum
476 4297 613 4374 artibus
632 4295 868 4406 contrairent.
1064 4394 1215 4488 EXEM
