2742 4959
150 399 247 467 tent
263 393 437 470 amante,
466 368 580 483 fiqua
598 370 753 475 estalia,
784 371 1036 486 digniffirnae.
1063 422 1115 471 ,-
1145 377 1229 464 Ne·

155 531 348 647 gotium,
374 523 476 614 ruihi
495 549 683 639 experte,
715 524 868 613 credite
885 525 1078 636 lectores,
1109 557 1260 649 grave:

156 687 219 774 est
244 708 310 771 res
334 678 625 796 paedagogica,
666 683 784 798 quod
800 683 872 772 suo
891 688 1071 787 curatori
1088 712 1259 800 paucas

157 840 362 955 relinquit
382 863 533 925 vacuas
557 838 700 941 horas,
744 866 821 927 nec
837 840 964 928 finem
981 838 1123 929 videre
1140 838 1259 942 facit,¹

156 996 464 1113 propinquum,
492 996 565 1108 qui
587 999 723 1107 operis
740 993 1001 1110 perfeilione
1019 990 1130 1085 selici
1140 995 1238 1094 -suas

161 1173 337 1239 coronet
353 1174 472 1236 curas
491 1146 721 1253 &labores,
750 1151 976 1265 praesertim
993 1152 1021 1238 fi
1038 1150 1136 1240 tales
1148 1153 1239 1244 red·

160 1307 259 1396 dere
286 1302 439 1393 scholas
464 1301 655 1416 publicas
672 1303 874 1421 voluerit,
908 1304 1051 1422 quales
1071 1305 1150 1395 eise
1169 1308 1237 1397 de·

157 1462 281 1564 bant,
310 1484 359 1548 ut
378 1458 480 1547 boni
496 1458 593 1547 inda
611 1458 820 1566 homines,
850 1462 952 1550 boni
973 1466 1084 1551 cives
1104 1491 1236 1580 quam

153 1619 328 1738 plurimi
353 1614 581 1728 prodeant,
618 1620 694 1732 qui
718 1615 828 1704 teila
851 1616 1017 1706 abinde
1040 1624 1233 1734 genuinae

157 1775 360 1880 beatitatis
391 1772 553 1861 homini
581 1770 786 1860 destinatae
811 1776 1026 1891 tramitem¹
1048 1741 1232 1892 ingredi·

154 1955 299 2033 antur,
336 1930 380 2018 δι
405 1932 634 2043 pertinaces
658 1925 984 2044 prosequantur3
1027 1929 1159 2019 fitale
1177 1935 1233 2022 --in

134 2061 649 2206 ¹paedagogiatinslituenda
666 2081 991 2197 opustnoliatur,
1022 2083 1233 2198 quodvel·
1258 2147 1259 2192 ;

150 2245 209 2334 let
241 2240 293 2328 ad
318 2238 397 2326 suae
415 2237 553 2324 Patriae
577 2241 806 2351 praecipuas
830 2243 1120 2354 praerogativas
1137 2264 1233 2352 per·

153 2393 307 2501 tinere,
337 2423 384 2482 ac
407 2392 553 2481 durare
570 2400 693 2484 etiarn
710 2394 817 2482 ultra
838 2394 906 2482 sua
923 2396 1070 2483 fatain
1092 2423 1230 2484 remo·

152 2557 319 2644 tiffirnas
343 2577 482 2665 usque
502 2573 665 2658 aetates,
701 2575 933 2667 quousque
949 2577 1015 2638 res
1033 2550 1229 2660 humanae
1242 2597 1256 2628 ·.

150 2733 340 2823 unquam
355 2708 611 2819 pertingunt.
667 2711 805 2821 Atqui
820 2713 864 2795 in
880 2707 964 2796 hoc
984 2677 1257 2828 rotoanimo,÷·'

149 2864 329 2956 &omni
345 2859 478 2992 sturlio
494 2865 617 2952 nitor.

261 3173 471 3264 Postulnnt
488 3103 1219 3290 mefibiquoquestudiatheologica,
1256 3219 1258 3224 ·

147 3333 284 3446 prima
300 3331 393 3419 sant
411 3337 681 3420 intereunte
697 3329 1220 3446 reliquasdisciplinaslibe·

146 3487 266 3596 cales,
295 3514 390 3605 quae
406 3516 533 3579 nemo
548 3486 667 3575 facile
685 3485 927 3602 neglexerit,
957 3482 1219 3574 filemelsen·

144 3639 258 3752 ierit,
288 3671 419 3763 quarn
430 3641 619 3760 jucunde
635 3641 730 3733 suo's
747 3638 920 3732 alliciant
937 3640 1131 3734 cultores.

171 3819 174 3823 .
313 3787 330 3828 l
965 3805 997 3864 0

1049 4108 1155 4198 Satis
