2742 4959
150 719 153 726 ·
197 665 300 796 268¹
377 667 669 798 ,Ssslironurr
699 717 757 776 nc
786 673 1064 821 anurr'nrt

140 855 145 862 ’
191 867 318 964 seleon
335 881 394 966 por
405 861 659 962 philosophiam,
681 859 723 942 U
737 865 868 948 inanem
885 857 1091 960 deriptionem
1097 861 1269 956 sermione

197 969 403 1050 lucullorum
420 965 607 1058 leoninum,
625 963 793 1054 [moieno
814 961 967 1036 muro
984 966 1109 1054 munli,
1136 964 1177 1043 σ
1195 985 1267 1044 nm

130 1113 160 1128 ’κ
188 1043 363 1162 socunlm
386 1065 500 1164 Josrro
518 1061 698 1162 Glorijlum:
733 1068 812 1162 quia
835 1069 874 1134 in
895 1065 957 1160 ipso
973 1066 1141 1166 inhabitat
1161 1073 1268 1142 omnio
1297 1137 1299 1180 Ι

194 1165 361 1270 plenitudo
384 1167 578 1240 diuinitatis
599 1165 821 1262 corporaliter,
856 1160 895 1246 U
918 1163 987 1262 estio
1003 1171 1043 1238 in
1058 1167 1111 1238 ilo
1130 1169 1265 1264 repleri,
1297 1183 1299 1272 ξ

196 1271 278 1370 quod
290 1267 434 1366 efloopui
448 1265 553 1336 ononis
567 1270 786 1362 prinoipem,
810 1260 852 1342 li
865 1263 1038 1362 forestorio.
1088 1262 1267 1362 Expofite
1297 1317 1299 1324 ·

196 1371 320 1460 itaque
341 1365 536 1467 habitantis
557 1367 802 1459 corporaliter
814 1363 1013 1440 divinitatis
1029 1367 1066 1438 in
1084 1387 1131 1441 eo
1150 1369 1267 1462 pleni·
1297 1381 1299 1390 '

195 1469 336 1563 tudine,
359 1463 616 1542 sacromentum
628 1463 848 1542 allumtionis
858 1463 988 1538 nostrae
999 1468 1178 1542 continuo
1187 1467 1266 1544 sub·

195 1567 308 1664 jecit,
339 1566 484 1642 diceneo
515 1566 600 1662 liliis
620 1569 659 1636 in
678 1589 712 1637 eo
733 1566 855 1664 repleti.
904 1563 960 1638 Ut
979 1567 1128 1653 enimin
1149 1589 1194 1642 eo
1211 1571 1265 1643 di·

194 1667 359 1756 vinitatia
381 1665 433 1748 est
456 1665 667 1760 plenitudo,
704 1665 754 1739 ita
773 1685 843 1740 nos
864 1666 901 1739 in
919 1686 965 1738 eo
987 1665 1103 1741 sumus
1118 1669 1256 1763 repleti.

94 1771 99 1780 '
193 1765 329 1860 Neque
350 1763 430 1842 sone
455 1766 530 1859 ait,
561 1763 643 1842 ostia
668 1765 800 1860 repleti
810 1817 830 1857 ‚.
857 1766 917 1841 sed
940 1771 1029 1838 in'eo
1044 1767 1113 1864 estis
1126 1769 1261 1866 repleri,

193 1870 279 1964 quir
294 1886 358 1970 pec
375 1861 459 1940 fidei
470 1863 568 1960 spem
584 1867 622 1940 in
642 1866 755 1941 uitam
770 1882 940 1941 eternam
956 1869 1184 1964 regenerati,
1220 1891 1262 1944 ac

192 1967 428 2068 regenerandi
454 1986 582 2042 oroneo
603 1985 701 2042 nunc
717 1967 755 2040 in
771 1961 901 2040 Christi
915 1985 1074 2060 corpore
1086 1984 1261 2060 manent3

193 2067 375 2167 replendis
401 2065 527 2160 poster
547 2065 651 2162 iplin
685 2086 763 2140 non
788 2066 919 2160 jamin
938 2091 987 2153 eo,
1020 2065 1079 2142 sed
1096 2069 1134 2142 in
1151 2068 1261 2163 ipsos,

191 2167 386 2246 secundum
403 2181 545 2260 tempus
562 2167 672 2259 illud,
709 2166 754 2240 de
769 2186 844 2258 quo
867 2165 1067 2260 Apostolus
1085 2169 1153 2242 ait:
1185 2170 1261 2272 Qui

191 2263 461 2364 transfigurabit
482 2286 617 2360 corpur
643 2266 854 2341 humilitatis
874 2265 1027 2360 nostrae,
1066 2267 1261 2345 conforme

194 2367 342 2461 corpori
367 2367 490 2462 gloriae
520 2363 599 2441 sue.
626 2365 762 2466 'Nunc
784 2367 894 2462 igitur
921 2368 958 2440 in
984 2388 1031 2440 eo
1053 2369 1184 2462 repleti
1207 2368 1260 2443 su·

190 2489 295 2559 mus,
321 2462 437 2547 idest,
464 2486 528 2558 per
544 2464 790 2539 affumtionem
810 2467 925 2538 carnis
948 2468 1038 2559 ejus,
1064 2469 1099 2541 in
1118 2490 1193 2560 quo
1211 2470 1259 2542 di·

189 2563 352 2640 vinitatis
374 2566 563 2658 plenitudo
584 2567 823 2660 corporaliter
842 2566 1029 2641 inhabitat.
1082 2567 1132 2640 Et
1152 2571 1259 2662 hujus

189 2667 263 2762 spei
283 2665 414 2740 nostroe
433 2687 510 2739 non
534 2667 662 2762 exigua
688 2666 723 2739 in
739 2687 786 2740 eo
801 2666 960 2759 potestas
977 2666 1037 2743 est.
1088 2668 1258 2761 Namque

191 2768 290 2861 quod
306 2768 434 2862 repleti
452 2768 489 2840 in
507 2787 553 2840 eo
573 2765 710 2857 sumus,
747 2767 820 2840 hoc
837 2765 887 2839 est
908 2784 1037 2861 caput,
1063 2788 1105 2841 ac
1124 2770 1258 2860 princi·

188 2872 287 2964 pium
301 2870 417 2942 omnis
430 2867 630 2963 potestatis,
656 2865 968 2941 secundumillud:
994 2868 1091 2940 Utin
1106 2871 1258 2944 nominc

187 2970 253 3044 suo
271 2991 379 3042 omne
395 2988 489 3064 genu
504 2966 642 3056 ileliae,
667 2966 879 3057 celestium,
907 2967 940 3039 δι
960 2968 1192 3061 terrestrium,
1221 2971 1257 3044 ἀ

186 3070 428 3158 infernorum,
455 3068 619 3142 &ononis
634 3067 754 3163 lingua
773 3064 1007 3158 confiteatur,
1035 3071 1116 3160 quia
1133 3072 1256 3143 Domi-

187 3189 258 3244 nus
274 3166 373 3264 Jesus
390 3168 426 3238 in
442 3167 556 3262 gloria
572 3166 636 3240 Dei
657 3168 779 3258 patris.
832 3165 1016 3242 Confessio
1037 3169 1158 3259 itaque
1175 3170 1255 3244 haec

185 3270 274 3342 erit:
304 3267 414 3363 Jelum
430 3271 467 3336 in
484 3268 585 3359 glorio
611 3272 675 3339 Dei
688 3273 813 3363 porris,
839 3267 1010 3341 &natum
1025 3269 1060 3340 in
1077 3269 1253 3364 homine,

181 3369 255 3464 jaon
271 3389 348 3440 non
362 3369 398 3440 in
415 3363 622 3444 infirmitate
638 3369 803 3461 corporis
816 3366 928 3441 nostri
946 3389 1111 3462 manere,
1137 3368 1198 3444 sed
1216 3375 1251 3445 in

182 3469 251 3546 uei
269 3470 395 3565 gloria.
446 3465 496 3541 Et
521 3468 593 3542 hoc
617 3471 736 3565 lingua
760 3472 876 3544 omnis
902 3467 1149 3545 confitebitur.
1203 3470 1252 3543 Et

184 3589 267 3642 cum
291 3567 460 3660 celestia,
495 3566 724 3644 &terrestria
742 3591 836 3665 genu
855 3568 1018 3660 flecken,
1052 3570 1127 3643 hoc
1141 3585 1253 3664 caput

182 3668 301 3744 omnis
325 3670 567 3761 principatus,
593 3671 628 3744 ἃ
649 3669 835 3764 potestatis
854 3670 927 3753 est,
966 3684 1008 3742 ut
1028 3672 1062 3743 ei
1081 3668 1252 3745 universa

106 3823 109 3828 -
181 3790 279 3867 genu
305 3766 483 3843 flellendo
509 3770 661 3865 subjeiia
684 3771 770 3864 sint,
808 3772 936 3861 inquo
956 3769 1071 3843 sumus
1091 3774 1251 3864 repleti,

182 3869 220 3943 oc
235 3868 294 3962 qui
308 3888 372 3961 per
386 3868 651 3945 habitantemin
663 3870 698 3945 se
711 3871 952 3964 corporaliter
963 3868 1161 3944 divinitatis
1173 3875 1253 3966 ple·

110 4001 113 4006 ·
181 3970 404 4060 nitudinenr‚
431 3967 468 4041 in
488 3971 553 4046 Dei
567 3972 676 4065 patris
690 3972 857 4067 srtgloria
875 3967 1116 4048 confitendus.

257 4092 291 4167 9.
320 4068 570 4145 Demonstroto
593 4087 714 4146 autem
740 4074 775 4145 δι
797 4086 932 4145 naturae
948 4070 1039 4163 sue,
1075 4071 1250 4148 &allum-

178 4168 292 4243 tionis
307 4171 436 4244 nostrae
455 4168 698 4264 sacramento,
725 4194 806 4246 cum
821 4171 858 4244 in
884 4194 931 4245 eo
949 4173 1171 4266 plenitudine
1195 4173 1249 4243 di-

178 4271 343 4348 vinitatis
360 4286 543 4364 manente,
569 4293 637 4347 nos
656 4275 693 4345 in
716 4294 763 4346 eo
783 4272 915 4366 perid,
943 4273 1042 4364 quod
1062 4274 1246 4345 honono-

163 4382 227 4449 luo
243 4373 313 4476 est,
337 4377 561 4480 repleamur,
583 4373 764 4474 reliquam
774 4371 1065 4471 &ipeniutionem
1082 4374 1247 4540 {3213}ae

179 4567 188 4622 l
