2742 4959
158 663 230 722 xur
325 635 364 720 S.
388 639 610 740 lirunrr,
633 639 826 724 l’rcruu.
851 636 1074 723 Errecort

233 802 360 882 Ariani
373 823 491 899 vero,
525 817 820 898 quorumnutu,·
842 803 1200 900 etqueubltriolrlr

134 935 139 946 '
162 947 250 1025 cepe
270 927 460 1036 agebatur,
496 945 718 1024 magnopere
733 948 755 1002 a
768 927 831 1002 tull
847 927 1039 1022 colloquio
1058 927 1200 1006 ebhorn

160 1045 280 1136 hante
304 1044 512 1138 exciditque
527 1044 660 1122 horum
679 1060 780 1141 crte,
804 1044 866 1144 spe
880 1045 940 1126 sut
955 1047 1136 1145 Hierion,
1161 1047 1200 1126 In

159 1181 365 1264 peratorern
391 1161 534 1242 deiide
558 1167 788 1270 elloqueudi,¹
822 1187 904 1244 cum
928 1168 1073 1250 occtiio
1103 1171 1200 1244 obltt

159 1286 374 1381 videbitur,
410 1283 456 1360 nd
472 1303 579 1380 quent
593 1288 640 1362 tl>
659 1293 758 1364 tnnc
773 1287 808 1364 it
821 1287 970 1386 emplius
991 1285 1124 1364 summe
1141 1286 1200 1364 sen

161 1407 404 1504 perinteniltc
414 1403 554 1498 fueret}
578 1403 779 1506 periurium
797 1411 892 1485 enim
910 1405 974 1504 ipfi
989 1421 1082 1506 eret,
1105 1427 1200 1505 pron

158 1525 347 1623 ptiiiimuru
364 1523 533 1602 Ecetefie
547 1528 649 1606 uelle
663 1527 825 1606 sunrrurn
839 1527 942 1606 suiss'e
956 1530 1177 1627 remedium,

159 1647 205 1722 eb
219 1645 339 1723 haerest
358 1643 591 1724 Conlinntlue
606 1648 864 1727 retraheretur.

231 1767 319 1842 Hoc
339 1765 563 1876 cumsrustrc
576 1765 765 1865 tentnss'et‚
790 1791 833 1845 ac
846 1768 1090 1868 prospiceret,
1115 1787 1200 1863 quur

157 1901 232 1965 tum
255 1887 406 1988 stupent
423 1887 563 1965 edinua
580 1885 842 1986 effetherefln
876 1909 955 1986 que
969 1891 1013 1967 td
1036 1889 1200 1967 Nicunu

156 2003 266 2085 fidem
285 2006 520 2084 evertendum
530 2006 781 2086 Conciliorunr
796 2009 1030 2088 Ariminensi
1045 2029 1088 2084 ac
1103 2008 1200 2086 Seleu·

156 2126 283 2206 cieulir
299 2117 514 2205 tucioritrte
528 2126 599 2205 sese
612 2131 835 2230 accingeret,
859 2131 1050 2208 conatibus
1058 2131 1152 2206 illius
1166 2151 1200 2206 et

138 2270 230 2352 ,qut
250 2241 559 2346 poisctrutioue,
598 2270 792 2330 occurrere
809 2253 1000 2352 cogitevit.
1061 2249 1159 2326 Tum
1177 2271 1200 2326 n

158 2370 234 2448 hoc
259 2367 444 2446 confilium
466 2366 565 2446 suurn
583 2369 672 2446 nihil
695 2373 806 2472 mugit
829 2385 1078 2467 opportunum
1095 2386 1195 2448 ratur

159 2511 265 2587 quum
289 2505 333 2566 ut
353 2489 546 2586 supplicem
565 2487 785 2583 synodorurn
807 2492 946 2567 illerum
964 2487 1146 2567 historiam
1169 2502 1200 2566 tr

158 2625 294 2710 rerety
316 2612 446 2690 librum
468 2611 567 2686 illum
584 2607 755 2708 suscepit,
788 2614 846 2707 qui
860 2613 1009 2700 aduersus
1031 2611 1199 2685 Valentem

156 2733 198 2813 (5
220 2732 394 2827 Ursulum,
418 2732 583 2831 historiam
597 2734 822 2832 Ariminenfis‚
846 2731 886 2812 θ
899 2733 1100 2829 Seleucienfir
1107 2731 1200 2827 sunni

157 2861 326 2927 continens
345 2854 389 2928 ub
414 2851 647 2953 Hieronymo
669 2851 722 2930 est
747 2852 950 2952 inscriptus.
1002 2856 1099 2930 ilinc
1123 2852 1200 2928 enin

156 2971 382 3050 efficiendum
397 2977 561 3072 putabat,
586 2992 628 3051 ut
637 2979 883 3072 unusquisque
897 2975 1035 3070 iudicio
1048 2973 1199 3067 deincep

153 3096 308 3194 proprio
330 3092 546 3192 consistent,
584 3098 798 3195 opinionem
817 3118 893 3172 non
909 3096 1115 3189 sequeretur
1136 3091 1200 3168 ulie

155 3237 258 3302 nrm,
290 3214 327 3292 it
349 3215 434 3294 dum
445 3215 581 3292 fincerc
599 3217 729 3292 horum
748 3216 996 3294 conciliorum
1014 3212 1109 3313 gestu
1126 3211 1200 3306 quit

154 3355 228 3433 que
250 3336 420 3431 haberet,
453 3339 572 3412 nullut
593 3338 636 3412 iit
652 3337 757 3411 facile
775 3337 961 3422 crederet,
998 3335 1059 3430 qui
1071 3335 1200 3414 illorun

154 3467 323 3551 unquam
339 3456 496 3556 legitime
512 3457 726 3534 mtioritnte
742 3460 993 3557 gloriarentur.
1061 3459 1072 3471 '

156 3589 159 3596 ’
228 3575 435 3674 Desperrtre
458 3577 676 3653 videbantur
698 3579 838 3654 Hilario
855 3600 912 3654 rer
934 3557 1118 3669 Orientis,
1152 3593 1200 3670 po

154 3697 317 3777 nulnum
330 3699 436 3774 bono
449 3693 662 3773 Occidentis
673 3698 903 3793 profuturum
918 3699 1096 3792 hocopus
1106 3690 1200 3772 ilrsce

149 3819 217 3920 pit
239 3863 242 3868 ·
267 3815 545 3915 Gravequidem
555 3820 687 3894 vulnus
700 3833 777 3895 turn
791 3819 1021 3895 Occidentuli
1034 3813 1200 3892 necleta

145 3957 226 4041 pet.
239 3935 464 4026 Ariminense
484 3937 690 4016 Concilium
710 3938 890 4016 inflienurr.
906 3953 1005 4034 erut,
1043 3952 1081 4014 et
1103 3940 1200 4042 longi

146 4063 266 4139 minut
288 4056 473 4156 desperate
495 4074 575 4135 eret
593 4057 683 4135 salue
701 4058 806 4166 illius.
867 4057 963 4136 Nun
982 4057 1115 4135 cumei
1141 4051 1200 4132 sei

144 4183 265 4279 pulern
282 4177 473 4256 ostendere
486 4198 564 4256 non
580 4180 731 4255 cuderet
750 4179 913 4275 benefic,
945 4176 1007 4255 sed
1023 4178 1142 4274 pecie,
1181 4173 1200 4252 i

150 4301 299 4379 unitatis
318 4301 409 4381 velo
430 4298 631 4382 ioeditttern
653 4299 750 4380 mern
764 4315 912 4403 tegere,
945 4319 989 4378 tc
1004 4315 1130 4375 verum
1154 4297 1200 4381 sul

1030 4415 1169 4523 speciu-
