2742 4959
115 595 120 604 ’
175 649 261 722 224
388 619 426 698 S·
454 619 652 697 Hruunn
680 639 741 697 nn
771 617 1046 700 anuirnrn

183 811 255 888 que
268 786 386 864 sermo
402 781 524 861 noster
538 803 604 880 per
622 781 783 860 deflexus
797 784 987 882 quosdam,
1013 795 1124 881 atque
1136 785 1258 870 anfrae.

187 891 474 967 ansobertus,
501 882 748 978 &exdeviis,
775 899 884 976 atque
899 887 1060 962 erraticis
1075 889 1257 969 cuniculi·

183 1010 394 1088 emergens,
418 985 612 1060 veritatem
626 996 761 1077 quaerat
774 987 920 1080 potius,
946 1008 1051 1079 quam
1068 987 1255 1068 ostendat:

185 1106 264 1168 turn
286 1087 435 1179 deinde,
471 1098 514 1158 ut
537 1103 615 1176 quae
635 1084 681 1158 ab
704 1084 774 1156 illis
794 1086 973 1180 inanium,
1010 1085 1256 1170 acuauaciun

184 1183 593 1283 sententiarumargutiie
604 1181 808 1278 adspeciem
817 1185 895 1260 veri
903 1186 1118 1263 blandientis
1129 1205 1254 1285 aptatu,

184 1305 260 1384 tur,
285 1310 328 1364 ea
339 1285 410 1382 ipsa
427 1283 656 1360 conscientian
666 1287 827 1360 omnium
837 1284 985 1360 ridicula
997 1285 1068 1363 effe
1081 1288 1254 1388 &inepta

183 1389 389 1488 pandamus.
437 1384 529 1461 Nun
549 1384 646 1461 enirn
674 1382 803 1460 sufficit
825 1387 932 1460 nobit
953 1386 1134 1486 docuille,
1173 1415 1252 1487 qu·

182 1494 242 1587 pin
254 1489 347 1582 sunt,
373 1485 435 1562 nisi
451 1484 646 1580 piillimaua
660 1483 731 1559 effe
747 1506 811 1581 per
825 1486 1123 1588 idintelligantur,
1148 1491 1252 1590 dum,

183 1612 263 1688 qun
276 1589 385 1684 impia
400 1585 500 1682 sunt,
524 1583 751 1662 refelluntur.

262 1713 295 1784 3.
320 1687 376 1761 Ut
403 1707 497 1762 vero
522 1687 652 1781 bonis,
692 1684 985 1780 &prudentibus
1002 1691 1091 1766 viris
1113 1705 1254 1770 natura

182 1813 226 1868 nc
242 1788 347 1865 studii
361 1785 434 1884 est,
466 1799 569 1862 totos
587 1785 622 1861 se
638 1785 682 1860 ad
699 1790 812 1864 beatae
825 1786 897 1884 spei
917 1791 1064 1884 alieuius
1081 1796 1251 1872 obtinen-

182 1895 264 1968 da'm
287 1890 347 1964 vel
369 1909 465 1981 rem,
503 1888 566 1961 vel
587 1899 730 1981 ternpus
744 1907 964 1985 praeparare,
1000 1913 1048 1965 ne
1067 1891 1105 1966 in
1125 1895 1246 1988 aliquo

178 1995 299 2069 minor
313 1988 356 2064 fit
373 1985 638 2082 exspeilatione
658 1987 887 2085 procinetus,
918 1992 969 2064 ita
989 1990 1059 2064 istis
1073 1993 1245 2070 haeretico

179 2093 307 2168 furore
320 2089 521 2165 amentibus
539 2085 788 2164 sollicitudinis
807 2089 967 2164 maximae
981 2089 1051 2182 ell,
1085 2110 1173 2170 toto
1191 2093 1245 2172 ad·

180 2189 304 2266 versus
324 2193 390 2286 piae
412 2185 497 2262 fidei
522 2187 714 2264 veritatem
734 2189 926 2283 impietatis
951 2187 1018 2264 suae
1033 2190 1183 2290 ingenio
1200 2198 1246 2272 la·

179 2295 332 2366 horare:
365 2301 407 2362 ut
422 2284 590 2362 adversus
607 2308 697 2381 eos,
724 2289 783 2379 qui
799 2288 952 2384 religiosi
969 2288 1069 2385 sunt,
1098 2297 1246 2372 vincant

180 2391 252 2467 else
275 2386 480 2486 irreligi0s13
517 2385 552 2460 &
575 2387 671 2460 ultra
690 2383 787 2481 spem
811 2389 897 2461 vitae
917 2388 1045 2466 nostrae
1067 2395 1151 2466 vitae
1176 2394 1244 2468 sure

179 2483 430 2588 desperatione
451 2488 616 2580 potiores
635 2484 723 2578 sint,
764 2484 896 2579 &plus
917 2489 1132 2582 impendant,
1147 2497 1246 2591 cogi·

179 2592 327 2666 tationis
343 2589 386 2664 ad
404 2585 502 2679 falsa,
528 2607 632 2676 quam
646 2606 717 2659 nos
734 2583 904 2660 dotlrinae
915 2605 1072 2681 aptamus
1089 2594 1130 2666 ad
1145 2618 1244 2671 vera.

177 2693 248 2767 Piis
268 2692 362 2766 enim
384 2684 469 2761 fidei
484 2685 614 2759 nostrae
631 2684 909 2781 profellionibus
926 2689 989 2762 has
1005 2693 1119 2785 impiae
1139 2693 1245 2789 perfi-

179 2794 244 2866 diae
273 2789 339 2863 suae
364 2785 669 2863 contradictiones
694 2786 997 2883 elaboraverunt,
1030 2809 1070 2864 ut
1092 2798 1243 2886 primum

176 2893 382 2986 requirant,
408 2902 577 2963 utrumne
596 2887 704 2962 nobis
721 2887 757 2960 in
775 2884 847 2961 fide
861 2887 959 2961 Deus
980 2913 1070 2965 unus
1093 2896 1156 2985 fit,
1185 2899 1243 2972 de·

175 2995 260 3068 inde
277 2989 477 3081 subjiciant,
505 3010 550 3062 an
566 2989 674 3062 etium
692 2985 1029 3080 ChristusDeussrta
1058 2995 1242 3086 postremo

177 3116 223 3167 an
247 3091 351 3163 Pater
371 3089 487 3180 major
507 3086 550 3162 lit
568 3086 682 3179 Filio,
718 3101 778 3178 ut,
805 3109 886 3161 cunr
904 3092 1079 3165 audierint
1100 3097 1135 3169 in
1158 3119 1241 3192 pro-

176 3192 324 3268 feffione
347 3187 468 3264 Deum
482 3207 616 3278 unum,
646 3199 794 3260 utantur
816 3211 857 3262 ea
873 3189 988 3284 adid,
1021 3216 1067 3266 ne
1083 3195 1240 3273 Christus

171 3291 278 3367 Deus
297 3289 350 3364 fit.
402 3288 494 3363 Non
507 3288 603 3362 enirn
617 3286 663 3361 ‹le
675 3285 769 3360 Filio
786 3304 969 3387 quaerunt,
995 3314 1039 3368 an
1060 3294 1161 3370 Deus
1178 3299 1241 3392 sit,

175 3393 235 3468 sed
253 3392 291 3467 id
305 3403 443 3465 tantum
463 3390 615 3478 volunt,
650 3387 695 3466 de
712 3386 852 3464 Christo
870 3391 1150 3490 interrogando,
1189 3419 1241 3472 ne

174 3493 270 3569 filius
291 3491 354 3584 sit,
388 3505 429 3562 ut
445 3489 608 3584 simplicis
627 3485 713 3562 fidei
732 3489 914 3566 hominurn
932 3506 1139 3586 captantes,
1173 3517 1240 3590 per

173 3596 280 3669 unius
297 3614 379 3666 eum
394 3590 464 3665 Dei
485 3587 591 3663 fidem
607 3612 627 3663 a
646 3587 774 3664 Christi
791 3590 862 3665 Dei
884 3594 1104 3670 confessione
1119 3597 1240 3692 depel·

174 3697 269 3787 lant,
302 3692 386 3767 dum
398 3692 470 3783 jaun
485 3711 563 3764 non
584 3711 674 3764 unus
691 3689 792 3766 Deus
809 3692 869 3784 sit,
905 3693 987 3768 srsrt
1005 3696 1104 3770 Deua
1125 3696 1240 3772 confi·
1297 3753 1299 3763 .

173 3796 304 3870 tendur
330 3792 363 3864 δι
388 3789 559 3866 Christus.
610 3792 689 3887 Jnrn
716 3813 809 3867 vcro
833 3793 893 3867 lric
914 3811 1046 3885 quanta
1066 3796 1240 3873 saecularis
1287 3788 1299 3902 j

170 3896 305 3995 ingenii
325 3889 520 3964 subtilitate
530 3891 773 3982 contendunt,
799 3913 878 3966 cum
894 3894 1035 3971 dicunt:
1063 3901 1239 3992 „Siunus
1285 3947 1299 4002 t

170 4047 200 4093 „
228 3994 293 4088 est,
320 3992 477 4083 quisquis
488 3990 549 4066 ille
565 3993 653 4066 alius
672 3991 855 4066 videbitur
874 3992 958 4088 elle,
982 3998 1053 4089 jarn
1067 4019 1146 4073 nnn
1159 4000 1239 4076 erit.
1280 4053 1299 4105 r

170 4147 201 4190 „
228 4091 379 4192 Quodn
398 4091 485 4164 alius
504 4089 575 4183 est,
598 4091 671 4182 J‘ann
689 4111 781 4164 unus
795 4093 855 4167 hic
872 4115 949 4169 non
966 4097 1054 4173 erit:
1082 4120 1162 4172 cum
1178 4119 1237 4173 na·
1278 4086 1299 4204 ᾗ]

169 4248 199 4292 „
225 4209 306 4269 tura
324 4213 400 4267 nou
419 4189 528 4276 finnt,
558 4203 601 4262 ut
617 4192 680 4264 ubi
700 4193 787 4266 alius
805 4192 876 4288 est,
910 4195 961 4270 ibi
977 4218 1068 4274 unus
1082 4199 1141 4272 sit:
1177 4189 1255 4273 aut*
1279 4245 1299 4299 t

171 4345 199 4395 ³,
225 4293 473 4394 ubifitunus,
502 4291 554 4372 ibi
573 4291 662 4372 aliur
678 4290 775 4382 fita}
824 4292 972 4377 Dehinc
990 4293 1251 4386 eumfaciut,
1279 4348 1299 4422 <.

1090 4414 1196 4528 ,κη
1233 4491 1236 4500 ,
