2742 4959
463 627 683 703 Lrnan
731 623 806 703 Vl.
968 645 971 654 ·
1051 641 1163 722 ·153

96 789 441 878 licitatenaturam3
467 787 525 863 sed
542 791 577 865 in
592 785 816 876 substantiam
831 789 977 862 alteram
987 786 1166 882 conditio,
1274 783 1278 792 '

99 896 178 991 ipse
192 891 581 986 tamquam-unigenitus
595 889 880 981 conditionibus,
906 886 1168 962 &fallurircae-

102 1000 192 1069 teris
208 990 427 1089 prestantior
443 990 503 1063 stt:
530 989 735 1064 substitutus
754 1003 888 1082 tamen,
916 1002 957 1060 ut
970 989 1166 1060 creationis
1263 1021 1269 1028 ·

101 1097 250 1170 indulte
268 1092 329 1167 libi
346 1092 476 1166 habeat
494 1088 801 1184 substitutionem,
836 1091 990 1161 non.Dei
1006 1086 1168 1161 attulerit

104 1215 152 1270 ex
171 1191 594 1292 generationenaturarn3
622 1187 911 1281 &natumdicas,
938 1189 1037 1282 quod
1049 1185 1169 1260 substi-

101 1297 153 1369 rit
178 1316 223 1367 ex
249 1291 382 1367 nihilo:
418 1286 531 1362 filium
551 1303 671 1363 autem
689 1287 826 1361 idcirco
845 1309 1054 1382 nuncupes,
1091 1307 1169 1361 non

104 1396 189 1488 quia
203 1416 248 1466 cx
266 1396 343 1465 lleo
361 1403 466 1463 natur
486 1386 553 1481 est,
578 1386 637 1462 sed
652 1388 734 1480 quia
747 1408 812 1480 per
824 1391 934 1462 Deum
951 1404 1092 1463 creatus
1104 1386 1168 1476 est;

105 1496 189 1589 quia
203 1494 237 1566 δι
251 1492 416 1567 homines
437 1485 623 1586 religiosos
639 1488 882 1585 appellatione
896 1487 1001 1581 hujus
1013 1483 1169 1562 nominis

101 1597 234 1689 dignos
254 1615 273 1665 a
290 1595 367 1663 Deo
389 1590 532 1664 habitos
552 1589 773 1665 memineris:
805 1603 883 1662 tum
900 1609 1014 1682 porro
1041 1591 1073 1662 ei
1093 1609 1170 1661 non

102 1698 172 1771 ulia
194 1692 408 1764 conditione
425 1690 488 1762 Dei
508 1710 643 1768 nomen
662 1686 864 1785 indulgeas,
891 1710 994 1781 quam
1013 1710 1075 1782 ea,
1101 1708 1172 1779 qua
1247 1779 1250 1786 Ι

105 1793 239 1867 dilium
255 1793 315 1863 fit:
348 1789 518 1888 Ego-dixi,
551 1796 612 1861 Dii
630 1790 716 1887 eslis,
742 1786 1031 1880 &fllriAlrrffimr'
1048 1813 1170 1879 omnes,

103 1910 151 1965 ut
166 1907 288 1964 utatur
311 1889 521 1985 dignatione
535 1889 571 1960 in
596 1891 782 1962 vocabulo
802 1889 1061 1981 nuncupantis,
1094 1908 1172 1960 non

105 1987 640 2075 maturaeinnomineveritatls3
666 1987 907 2080 litquetecum
918 2010 962 2062 ex
974 1989 1174 2080 adoptione

106 2089 227 2177 filius,
255 2091 346 2160 Deus
363 2109 408 2159 ex
423 2086 714 2181 nuncupatione,
741 2087 944 2185 unigenitus
966 2108 1012 2160 ex
1031 2089 1176 2179 privile·

102 2192 187 2287 gio,
214 2189 474 2284 primogenitus
492 2207 537 2260 ex
554 2186 696 2280 ordine,
723 2202 824 2284 totus
837 2189 989 2282 creatio,
1014 2209 1058 2270 err
1073 2187 1175 2264 nullo

107 2294 228 2377 lleus3
266 2288 348 2380 quia
372 2288 558 2384 generatio
578 2288 654 2381 ejus
672 2307 748 2362 non
765 2289 934 2364 naturalis
952 2310 998 2363 ex
1017 2292 1094 2362 veo
1114 2309 1175 2364 na·

108 2391 237 2463 ciuitas
253 2388 315 2482 fit,
341 2384 401 2460 sed
422 2385 610 2460 substantia
625 2401 807 2465 creaturae.
931 2461 936 2465 .

195 2512 247 2583 19.
275 2486 333 2560 Ac
357 2489 529 2580 primum,
557 2503 661 2571 orata
679 2512 699 2561 a
716 2503 754 2561 te
769 2488 1052 2582 impatientiffimi
1072 2490 1178 2562 dolo·

111 2590 162 2662 ris
181 2592 250 2663 mei
270 2588 390 2682 venia,
417 2590 518 2681 loqui
534 2610 591 2662 me
604 2588 699 2682 apud
711 2603 749 2662 te
766 2589 998 2680 omnipotens
1012 2590 1104 2661 Deus
1119 2611 1179 2684 pa-

112 2704 213 2782 tere,
248 2688 283 2761 ὰ
302 2709 360 2761 me
374 2701 505 2761 terram
524 2707 567 2761 ac
583 2687 762 2778 cinerem,
799 2687 955 2760 caritatis
971 2702 1091 2761 tamen
1108 2704 1179 2759 tuae

112 2792 291 2884 religione
312 2785 531 2876 devinilum,
557 2785 709 2858 liberum
726 2787 762 2857 in
779 2785 857 2859 hec
870 2788 983 2860 verba
998 2788 1178 2882 permitte.

113 2886 198 2982 Ego
216 2886 341 2959 infelix
356 2885 443 2961 nihil
460 2899 565 2960 antea
577 2884 643 2977 fui,
662 2884 704 2956 vilc
722 2885 805 2957 vitre
825 2883 923 2961 sensu
935 2907 1080 2981 expers,
1107 2886 1180 2961 sme
1248 2916 1249 2919 ¹

116 2990 188 3062 mei
204 2984 456 3080 intelligentia,
483 3004 549 3071 eo,
575 2984 672 3076 quod
689 2982 776 3078 sum,
801 2989 976 3062 carebam.
1028 2985 1099 3062 Sed
1115 2988 1180 3061 mi·

115 3085 309 3170 sericordia
322 3098 383 3157 tue
397 3085 441 3159 ad
454 3083 653 3159 vivendum
667 3081 758 3175 mihi
766 3082 946 3161 causaest:
972 3086 1181 3162 &nonam-

118 3189 221 3283 bigo,
248 3186 334 3278 quin
351 3199 392 3258 tu
409 3185 528 3259 bonus
543 3184 778 3280 bonum-milri
789 3182 952 3260 statueris
970 3183 1056 3280 elle,
1081 3186 1181 3279 quod

118 3284 334 3365 natussum.
402 3283 535 3380 Neque
561 3285 676 3379 enim,
718 3285 780 3380 qui
803 3286 874 3363 mei
897 3307 973 3362 non
993 3309 1098 3404 eges,
1138 3286 1182 3360 ad

116 3389 198 3464 mali
215 3409 273 3460 me
293 3386 470 3484 originem
482 3383 694 3461 inchoasses.
744 3383 816 3459 Sed
837 3406 917 3461 cum
940 3409 998 3463 me
1015 3408 1053 3461 rn
1070 3386 1184 3461 vitam

117 3490 326 3570 animatum,
348 3487 501 3562 rationis
522 3505 667 3579 quoque
681 3484 943 3581 intelligentem
957 3486 1184 3580 praestitllies,
1225 3529 1229 3537 ·

122 3588 168 3658 ad
185 3589 432 3683 cognitionem
452 3607 511 3661 me
528 3586 580 3659 tui
600 3583 726 3678 sacris,
761 3599 804 3658 ut
825 3587 1006 3681 arbitror,
1032 3608 1097 3683 per
1119 3584 1188 3660 ser·

122 3706 196 3757 vos
215 3700 298 3759 tuos
310 3682 495 3780 Moysen,
520 3684 763 3781 &prophetes
774 3685 1019 3761 voluminibus
1028 3686 1187 3780 erudisti,

119 3808 172 3882 err
190 3786 316 3874 quibus
328 3799 374 3859 te
394 3806 473 3860 non
489 3785 526 3860 in
548 3782 741 3860 solitudine
757 3799 819 3858 tua
837 3787 1079 3864 venerandum
1103 3807 1189 3882 pro·

124 3882 252 3959 didisti.
303 3882 476 4001 Cognovi
494 3899 614 3959 tecum
629 3885 703 3959 illic
722 3888 854 3979 Deum,
890 3907 966 3961 non
982 3890 1132 3961 alterum
1150 3887 1188 3960 in

123 4001 267 4077 natura,
293 3979 352 4057 sed
365 3983 637 4062 msacrame'uto
654 3981 853 4060 substantie
867 3995 936 4060 tuae
950 4009 1070 4062 unum.
1117 3984 1189 4058 Co·
1268 3993 1270 3997 ’

124 4089 239 4183 gnovi
265 4096 303 4156 te
325 4084 361 4157 in
383 4088 460 4159 ileo
480 4089 614 4179 Deum,
645 4104 725 4161 -non
742 4106 788 4159 ex
805 4088 1047 4180 permixtione
1064 4085 1191 4160 confu-

125 4186 221 4278 sum,
255 4181 372 4257 seder
390 4185 529 4261 virtute
550 4199 723 4281 naturae,
742 4199 837 4280 tum,
870 4187 968 4278 quod
987 4189 1191 4261 cunenses

124 4284 164 4359 in
187 4306 257 4382 co,
284 4288 344 4382 qui
364 4307 410 4361 ex
428 4300 466 4361 te
482 4285 555 4381 est,
580 4285 727 4361 inelies:
762 4305 841 4370 non
858 4284 1212 4374 uticemtueiiee,

618 4385 706 4518 K}
1134 4382 1178 4454 Q
