2742 4959
497 604 831 690 :Scararn
1102 625 1207 688 mv

133 771 193 856 lue
209 768 273 844 ille
286 763 455 866 AEsopiua
474 770 620 847 unionis
636 768 848 868 dignitatem
865 785 942 844 non
956 783 1202 868 agnoverunt,

132 891 198 994 vel
223 890 378 987 agnitam
404 912 482 966 non
505 891 578 968 sine
602 889 748 986 publica
758 885 893 984 jabiura
913 902 986 969 tarn
1006 888 1068 964 diu
1085 893 1204 968 conti·

132 1021 309 1089 aruerunt.
358 1008 490 1086 Dicam
503 1025 665 1103 tantum,
693 1008 790 1105 quod
807 1003 1030 1104 praetermitti
1046 1030 1203 1108 nonpo-

133 1130 220 1226 test,
244 1113 375 1208 horum
389 1132 671 1229 fragmentorum
685 1131 829 1206 unicum
838 1128 1205 1226 exemplarPithoeum

134 1249 398 1328 Lutetiaeanno
407 1250 524 1324 salutis
537 1271 639 1346 1590.
648 1249 1003 1345 repertumhabuisie.
1034 1251 1205 1332 Nonma·

135 1373 187 1471 gir
212 1371 311 1446 enirn
332 1367 454 1446 noster
478 1372 540 1445 ille
562 1369 714 1446 sedecim
735 1369 898 1464 tyrannis
913 1371 1075 1468 oppressa
1090 1375 1203 1470 urbe,

135 1512 244 1588 quam
261 1489 433 1567 Socrates
450 1492 596 1589 triginta
615 1489 692 1564 suas
711 1487 874 1578 Athenas
891 1494 1105 1568 vexantibus
1117 1514 1204 1589 pro·

134 1611 296 1707 positum
311 1611 397 1685 vitae
411 1611 596 1688 decursum
606 1607 910 1709 philosophando,
934 1615 1205 1711 remquepubli·

135 1753 213 1810 eam
224 1730 394 1828 juvando
410 1729 608 1808 intermisit.
659 1730 818 1806 Unicum
837 1732 1001 1827 inquam,
1024 1754 1144 1827 neque
1160 1736 1204 1810 il-

135 1853 197 1930 lud
221 1865 400 1948 pervetus
423 1853 604 1948 exemplar
628 1852 775 1946 habuit,
810 1849 1029 1929 sedeantum
1051 1854 1203 1933 abhinc

135 1989 288 2050 centum
306 1972 407 2046 annir
426 1967 583 2069 (scripsit
598 1970 716 2048 isthac
729 1973 845 2048 Faber
866 1970 993 2071 1598.)
1018 1974 1056 2046 in
1067 1974 1204 2073 charta,

132 2115 246 2174 manu
266 2091 414 2192 gallica,
446 2112 515 2167 nec
530 2093 677 2168 latinam
696 2093 851 2194 linguam
866 2091 945 2167 satie
958 2095 1207 2200 percipiente,

133 2213 299 2294 confusia
324 2210 542 2288 distionibue
564 2209 756 2308 scriptum,
791 2213 888 2308 quod
907 2227 1080 2307 praterea
1095 2218 1204 2296 etiem

132 2337 316 2416 librorum
344 2330 491 2410 casiani
518 2332 564 2410 de
584 2333 840 2412 Incarnatione
862 2333 989 2409 Christi
1016 2337 1203 2429 epitomen

135 2452 783 2550 eademmanuscriptamcontinerer,
807 2455 1071 2550 illamfortasse‚
1098 2479 1205 2551 quem

133 2574 358 2656 Eucherium
374 2574 647 2672 Lugdunensem
662 2573 880 2671 Episcopum
900 2575 1095 2653 confecisse
1108 2576 1207 2655 testie

136 2697 189 2778 est
210 2694 434 2776 Gennadius.
484 2695 573 2774 lnde
598 2696 693 2791 spem
718 2696 996 2789 conceperat&
1019 2697 1207 2789 antiquum

139 2817 344 2911 exemplar,
379 2816 476 2891 unde
498 2836 626 2891 recens
642 2816 730 2889 iliud
748 2815 963 2907 exscriptum
979 2814 1118 2909 fuerat,
1145 2817 1212 2894 aii·

137 2937 236 3014 unde
250 2936 457 3031 recuperari
477 2933 596 3030 posse:
631 2955 708 3029 quae
725 2934 826 3012 causa
842 2933 932 3022 fuit,
968 2954 1032 3008 cur
1047 2948 1121 3014 tam
1144 2936 1207 3018 diu

140 3078 272 3134 eorum
288 3057 486 3133 editionem
496 3053 708 3134 sustinuerit.
758 3054 800 3129 ln
810 3075 883 3148 quo
896 3069 995 3129 certe
1006 3055 1056 3128 iili
1072 3056 1208 3136 hocfe-

138 3179 296 3256 iicissime
318 3179 497 3274 conugit3
530 3192 573 3255 ut
589 3179 628 3253 in
642 3177 866 3273 publicandis
884 3174 1026 3250 duobus
1041 3174 1112 3252 istie
1132 3178 1209 3258 exi«

140 3298 1210 3395 miieantiquitatismonumentisfatointercepturpraeclare

143 3420 256 3502 astam
277 3418 364 3494 vite
377 3417 533 3494 fabulam
546 3415 738 3493 iiirntriore
751 3413 824 3494 fine
845 3418 963 3492 veluti
984 3417 1109 3516 cignea
1126 3435 1210 3500 ctu*

142 3544 246 3620 tione
275 3537 524 3616 concluderet.
576 3537 753 3638 Quamvis
778 3536 858 3616 sane
874 3534 1114 3615 difficillimum
1132 3536 1211 3616 fue·

142 3666 190 3740 rit
209 3662 332 3737 virum
347 3658 499 3755 ingenii,
533 3659 713 3749 animique
733 3658 840 3732 bonis
857 3658 1022 3732 omnibus
1039 3656 1210 3772 ornatissi·

85 3757 94 3890 Ἰ
141 3804 262 3874 mum,
300 3781 361 3875 qui
380 3778 517 3873 semper
538 3779 625 3856 illud
643 3780 778 3871 antiqui
798 3775 921 3854 Poetae
935 3775 998 3855 sibi
1015 3781 1208 3860 occinente

85 3977 88 4018 ι
143 3911 321 3999 supere
345 3893 586 3994 novancuria
607 3894 781 4001 {adgravare
805 3897 959 3998 βροτκς,
1005 3919 1115 3974 omne
1139 3896 1211 3977 stit·

144 4025 260 4118 dium,
291 4023 476 4114 laborem,
500 4018 729 4113 industriam,
754 4039 951 4115 omnesque
969 4017 1212 4115 cogitationen

145 4143 220 4226 siaa
238 4144 394 4241 publicis
409 4143 623 4222 utilitatibus
643 4142 871 4234 devoverat,
897 4155 1004 4234 atque
1029 4139 1213 4233 impende·

147 4269 230 4364 brt.
256 4283 337 4350 uua
358 4263 396 4347 iu
415 4282 530 4366 opere
546 4262 720 4368 preclaro
737 4278 858 4346 motta
876 4263 1106 4366 deprehendi.
1116 4261 1146 4312 ‘⁶

1037 4383 1168 4470 Morte
