2742 4959
1053 748 1490 830 Lrnnn
1586 749 1732 832 x1.
2313 774 2464 844 401

319 914 762 1023 glorificavit
786 934 951 992 eum
982 910 1187 992 Deus
1219 914 1290 988 in
1321 911 1436 1008 se,
1503 914 1667 1008 quia
1690 914 1940 1009 jamin
1975 935 2071 991 eo
2106 912 2463 1014 glorifiea-

320 1040 441 1097 tus
472 1021 555 1094 fit
586 1019 807 1091 Deus.
911 1013 1100 1090 Nam
1140 1017 1337 1107 quod
1377 1011 1578 1089 Deua
1614 1016 1686 1089 in
1722 1035 1815 1090 eo
1839 1011 2284 1114 glorificatus
2324 1018 2457 1116 est,

323 1124 412 1197 ad
455 1118 782 1212 corporis
813 1115 1114 1214 gloriam
1148 1111 1457 1206 spestat,
1507 1136 1638 1208 per
1670 1135 1879 1207 quam
1917 1113 2059 1192 Dei
2093 1117 2456 1215 gloriain-

323 1218 608 1294 tellesta
650 1238 776 1310 per
835 1235 1102 1309 corpus
1145 1213 1283 1309 est,
1359 1215 1592 1311 gloria
1638 1214 1779 1289 Dei
1816 1235 1944 1308 per
1985 1215 2285 1313 gloriam
2327 1215 2461 1294 filii
2559 1260 2572 1268 -

319 1321 634 1396 hominis
688 1315 1176 1413 intelligenda.
1305 1313 1530 1414 Quod
1567 1335 1755 1388 vero
1799 1315 1959 1408 quia
2004 1311 2458 1412 glorificatus

317 1420 521 1495 in'eo
556 1417 755 1492 Deus
790 1415 930 1508 est,
987 1415 1054 1488 &
1085 1413 1250 1487 ideo
1288 1411 1733 1511 glorificavit
1771 1435 1936 1492 eum
1969 1414 2172 1489 Deus
2233 1418 2302 1489 in
2338 1413 2456 1509 seg

320 1539 454 1616 per
500 1520 1015 1590 incrementum
1058 1508 1439 1612 glorificati
1490 1513 1564 1587 in
1609 1534 1703 1587 eo
1749 1513 1936 1606 Dei,
2011 1511 2460 1612 glorificavit

320 1641 485 1696 eum
526 1619 600 1691 in
639 1615 709 1689 se
750 1614 987 1687 Deus:
1051 1627 1177 1702 ut,
1239 1614 1359 1706 qui
1395 1614 1540 1707 jam
1574 1629 1828 1711 regnat
1859 1614 1932 1688 in
1969 1616 2241 1712 gloria,
2298 1636 2460 1708 quae

319 1742 411 1794 ex
438 1717 579 1790 Dei
614 1713 843 1810 gloria
875 1711 1004 1807 est,
1056 1709 1202 1808 ipse
1230 1712 1494 1790 exinde
1527 1712 1600 1786 in
1629 1714 1761 1787 Dei
1787 1713 2091 1812 gloriam
2121 1717 2458 1794 transeat.

318 1823 402 1894 In
442 1818 504 1903 se
545 1816 734 1890 enim
782 1835 945 1888 eum
982 1813 1192 1908 Deus
1230 1809 1708 1912 glorificavit,
1777 1813 1853 1888 id
1890 1811 2033 1897 est,
2101 1815 2180 1888 in
2219 1838 2303 1890 ea
2334 1838 2462 1891 na·

318 1933 526 2003 tura,
603 1934 742 2006 qua
781 1913 979 1987 Deus
1008 1912 1148 2006 est,
1210 1911 1408 2006 quod
1442 1913 1579 1988 est:
1662 1916 1752 1986 Ut
1772 1913 1867 2011 fit
1907 1919 2087 1986 Deus
2112 1914 2326 1986 omnia
2374 1921 2455 1987 in

316 2015 626 2098 omnibus,
678 2028 850 2086 toto
875 2014 1019 2106 jam
1056 2015 1132 2087 in
1161 2013 1402 2087 Deum
1439 2035 1528 2087 ex
1562 2035 1668 2099 ea,
1720 2034 1858 2105 qua
1889 2012 2117 2089 bomo
2145 2013 2267 2101 est,
2324 2012 2459 2090 dis-

316 2112 740 2214 pensatione
770 2113 1127 2189 mansuro.
1226 2110 1394 2186 Nec
1429 2111 1591 2187 sane
1620 2112 1710 2185 de
1744 2129 2077 2206 ternpore
2102 2116 2328 2189 tacuit
2353 2113 2460 2187 di-

317 2236 534 2291 cens:
611 2210 704 2287 Et
746 2215 922 2284 Deus
961 2213 1355 2307 glorificavit
1381 2237 1520 2282 eum
1563 2218 1636 2282 in
1663 2213 1758 2300 se,
1830 2212 1905 2289 θ
1947 2220 2121 2284 Deus
2156 2221 2460 2306 pruinas

364 2316 708 2406 lorifica'vit
747 2335 947 2400 eum3¹
995 2324 1119 2403 ut,
1193 2311 1355 2402 quia
1399 2312 1807 2405 prodeunte
1840 2313 1925 2386 ad
1960 2314 2460 2406 proditionem

313 2340 553 2513 ᾗυάει,
607 2414 946 2508 gloriam,
1015 2432 1169 2502 quae
1209 2410 1330 2483 fibi
1371 2410 1533 2504 post
1560 2412 1942 2504 pastionem
1980 2411 2460 2490 consecutura

315 2511 841 2589 resurreetione
886 2510 1124 2586 futura
1180 2508 1402 2603 ess'et,
1477 2508 1920 2607 significasset
1977 2514 2050 2585 in
2106 2513 2459 2607 praesens;

317 2636 524 2707 eam,
581 2635 716 2706 qua
749 2616 817 2686 in
853 2610 918 2684 se
953 2633 1114 2686 eum
1156 2610 1353 2684 Deus
1386 2608 1913 2708 glorificaturus
1955 2610 2173 2705 ess‘et,
2222 2615 2293 2685 in
2329 2634 2463 2704 po-

316 2712 583 2790 sterum
626 2710 1072 2801 reservaret;
1129 2711 1264 2783 Dei
1301 2711 1373 2786 in
1412 2732 1504 2782 eo
1547 2712 1773 2805 gloria
1815 2731 1941 2803 per
1983 2714 2326 2784 virtutem
2350 2733 2463 2786 re-

318 2813 779 2888 surreetionis
810 2808 1111 2902 ostensa,
1165 2807 1319 2899 ipso
1350 2828 1535 2882 vero
1566 2813 1636 2883 in
1676 2810 1813 2881 Dei
1851 2812 2175 2906 gloriam,
2229 2814 2296 2883 id
2329 2811 2462 2905 est,

321 2913 403 2986 in
444 2911 679 2983 Deum
724 2910 968 2983 omnia
1010 2909 1087 2984 in'
1124 2910 1461 2983 omnibus
1493 2929 1585 2982 ex
1618 2907 2074 3003 subjefitionis
2117 2908 2462 3005 dispensa-

326 3012 532 3086 tione
560 3004 917 3085 mansuro.
1710 3090 1714 3096 ,

471 3130 591 3201 43.
646 3104 743 3179 Et
781 3108 854 3181 in
890 3126 986 3179 eo
1027 3104 1311 3198 quidem
1353 3117 1614 3198 quanta
1656 3103 1921 3180 furoris
1952 3109 2267 3184 haeretici
2300 3107 2468 3184 stul·
2535 3201 2540 3210 Ι

325 3210 489 3285 titia
525 3206 672 3299 est,
740 3205 1113 3303 desperare
1152 3206 1224 3280 id
1270 3205 1475 3293 Dee,
1547 3206 1743 3299 quod
1780 3206 2101 3282 humanis
2136 3208 2268 3282 suis
2313 3208 2469 3303 spe-

325 3313 463 3385 bus
495 3308 934 3382 blandiatur:
985 3318 1108 3388 ut,
1163 3305 1361 3398 quod
1390 3306 1462 3380 in
1496 3305 1790 3380 homine
1829 3308 2025 3381 Deus
2057 3325 2321 3402 potens
2349 3311 2465 3406 fit,

320 3410 402 3485 id
450 3409 521 3483 in
554 3405 800 3501 seipso
837 3404 1213 3480 efficiendo
1253 3400 1573 3481 infirmus
1607 3404 1743 3480 fit?
1795 3407 1961 3482 Nec
1999 3407 2464 3505 sermoistud,

322 3530 468 3586 nec
514 3506 743 3583 sensus
787 3509 1087 3580 rationis
1132 3528 1356 3600 capax
1409 3507 1773 3597 loquitur,
1838 3523 1921 3581 ut
1956 3511 2259 3582 naturali
2299 3532 2470 3601 qua·
2571 3535 2582 3552 ·

325 3610 492 3686 dam
515 3608 922 3683 necestitate
945 3606 1028 3679 ad
1055 3605 1571 3680 consulendum
1596 3606 1810 3679 nobis
1835 3612 2202 3682 obnoxius
2235 3609 2468 3703 Deua,

323 3710 457 3784 fibi
493 3708 667 3781 nihil
708 3705 967 3781 afferre
1007 3707 1467 3780 beatitudinis
1499 3706 1745 3798 possit:
1790 3727 1943 3781 non
1993 3710 2189 3801 quod
2224 3708 2476 3803 profe·

330 3806 451 3882 &u
493 3822 736 3903 egeat,
815 3808 931 3900 qui
981 3806 1512 3903 imperturbatae
1556 3821 1828 3878 naturae
1870 3810 2307 3901 virtutisque
2339 3809 2470 3901 fit,

329 3906 454 3984 sed
492 3906 655 3997 quia
695 3927 821 4000 per
855 3904 1482 3999 dispensationem,
1547 3906 1615 3978 δι
1651 3903 2162 3984 sacramentum
2195 3929 2471 4003 rnagnae⁸

340 4007 674 4102 pietatis,
730 4008 846 4096 qui
884 4006 1083 4080 Deus
1111 4004 1239 4096 est,
1293 4004 1361 4077 δι
1394 4007 1619 4078 homo
1655 4003 1780 4097 est,
1831 4010 2191 4103 impotens
2232 4009 2352 4083 fibi
2386 4007 2473 4083 sit

331 4108 486 4184 hoc
531 4102 599 4177 se
649 4121 889 4179 totum
939 4106 1304 4198 praestare,
1378 4104 1572 4197 quod
1612 4103 1807 4179 Deus
1839 4108 1986 4197 est;
2060 4130 2222 4181 cum
2255 4099 2474 4181 n'obis

334 4226 494 4285 non
539 4205 864 4300 ambigue
885 4205 1286 4279 indulturus
1317 4205 1430 4296 sit,
1483 4205 1554 4277 id
1575 4225 1864 4299 quoque
1892 4230 2026 4281 nos
2052 4205 2218 4295 effe,
2271 4204 2474 4299 quod

332 4329 493 4386 non
529 4302 782 4379 sumuS.
885 4305 1078 4379 Vitae
1119 4307 1710 4402 enimhumanae,
1764 4323 1978 4398 atque
2009 4307 2266 4380 mortis
2308 4302 2476 4382 finis

338 4404 448 4483 est
492 4402 952 4480 resurreetio:
1026 4404 1094 4478 ἂ
1133 4401 1580 4485 certiffimum
1621 4407 1889 4482 militiae
1918 4404 2182 4484 nostrae
2216 4407 2480 4498 stipen-

436 4508 517 4584 S.
570 4507 829 4584 marii
887 4499 1065 4604 Tou.
1117 4505 1177 4585 Ι.
1631 4499 1757 4580 Cc
2181 4508 2385 4584 dium
