2742 4959
472 569 715 670 ‘'Lrnnn
762 571 811 661 X.
1111 602 1183 682 329

101 753 156 832 ’δι
170 770 304 829 nomen
320 745 393 838 est,
422 746 460 820 in
475 744 569 820 Filio
584 763 679 821 vero
696 743 835 820 Patrem
849 741 1025 843 intelligi,
1050 765 1093 819 ac
1112 767 1185 822 ma·

121 875 232 945 nere,
265 851 351 926 dum
365 847 477 922 Filius
499 867 618 940 neque
639 844 710 920 dici
728 841 868 938 potest,
908 845 969 918 nisi
991 867 1035 920 ex
1053 862 1184 941 patre,

123 974 243 1046 neque
263 947 352 1024 elle:
395 944 557 1034 visentis
579 964 728 1038 quoque
750 958 886 1020 naturae
904 943 975 1020 elle
999 947 1187 1024 viventem

124 1051 327 1150 imaginem,
353 1045 641 1141 &consignatam
652 1045 864 1119 naturaliter
883 1043 954 1134 Dei
969 1045 1004 1120 iu
1015 1044 1099 1120 Deo
1113 1045 1187 1121 lor·

122 1173 217 1231 mam
236 1169 350 1242 usque
368 1149 461 1221 adeo
476 1143 714 1220 indifferentis
731 1141 940 1244 potestatis,
975 1144 1186 1242 &genesin

123 1268 168 1328 ut
191 1252 227 1326 in
246 1270 293 1328 co
312 1267 382 1324 nec
403 1265 519 1341 opus,
552 1265 622 1320 nec
637 1243 777 1340 sermo,
812 1265 882 1320 nec
901 1243 997 1320 visus
1015 1246 1150 1320 alienus
1167 1269 1189 1324 a

122 1351 229 1428 Patre
253 1347 313 1424 lit:
350 1345 410 1420 sed
434 1365 517 1420 cum
536 1343 747 1421 naturaliter
768 1345 805 1420 in
824 1344 859 1418 se
879 1345 1009 1419 habeat
1032 1345 1189 1422 sudoris
1272 1377 1276 1384 ·

122 1452 176 1527 sui
202 1449 321 1546 imago
348 1461 531 1531 naturam,
574 1466 639 1539 per
666 1445 864 1520 naturalem
893 1466 1038 1538 quoque
1068 1446 1190 1542 imagi·

121 1573 207 1628 nem
221 1548 317 1622 luam
334 1543 458 1618 aanor
472 1541 707 1643 deoneratus,
734 1543 940 1634 &locutus
967 1545 1000 1617 a
1022 1545 1116 1620 visus
1134 1549 1185 1624 lit.
1251 1601 1253 1606 -

198 1670 232 1741 7.
259 1644 385 1738 Atque
410 1646 502 1720 hanc
526 1643 669 1738 quidem
692 1645 726 1720 dt
750 1645 1047 1740 intemporalem,
1083 1647 1188 1721 &in-

121 1747 380 1838 enarrabilem,
404 1743 598 1822 &omnem
618 1745 780 1820 humana
795 1744 1037 1840 intelligentiae
1054 1743 1189 1826 sensum

122 1843 1086 1942 excedentemUnigenitigenerationempredicantes,
1114 1845 1189 1922 nati

124 1965 272 2041 quoque
287 1944 521 2020 inhominem
541 1965 588 2018 ex
607 1956 714 2036 partu
730 1943 889 2038 Virginis
907 1941 978 2017 Dei
995 1942 1191 2034 sacramen,

121 2062 203 2122 tum
218 2044 425 2119 docuimus:
450 2039 734 2124 demonstrantes
752 2040 944 2122 secundum
961 2043 1189 2136 dispensatio·

122 2166 208 2220 nem
224 2145 341 2218 carnis
359 2139 531 2226 affumtae,
555 2155 651 2231 tum,
677 2161 758 2216 cum
778 2139 811 2216 se
828 2163 873 2217 ex
886 2141 1004 2218 forma
1022 2143 1093 2217 Dei
1106 2166 1191 2221 eva·

126 2265 238 2320 carana
253 2245 408 2318 formam
424 2238 516 2316 servi
530 2242 686 2335 accepit,
710 2233 953 2332 infirmitatem
969 2242 1111 2318 habitus
1126 2245 1193 2320 hu·

124 2344 221 2421 mani
234 2343 307 2418 Dei
321 2363 398 2418 non
415 2337 603 2418 infirmasse
617 2355 800 2424 naturam,
834 2341 893 2416 sed
912 2339 1008 2416 salva
1024 2344 1192 2420 divinita·

122 2445 172 2518 tis
191 2443 228 2518 in
243 2442 391 2519 homine
408 2443 547 2518 virtute
563 2441 765 2534 acquisitam
778 2440 848 2516 elle
864 2441 934 2516 Dci
950 2444 994 2516 ad
1007 2443 1192 2542 hominem

125 2541 355 2640 potestatem.
405 2540 574 2636 Namque
598 2562 680 2615 cum
701 2543 737 2615 in
759 2541 944 2616 hominem
964 2541 1064 2615 Deus
1085 2555 1192 2622 natus

123 2645 194 2730 fit3
219 2641 449 2717 nonidcirco
464 2639 649 2732 natusest,
675 2658 806 2714 nenon
822 2639 1105 2730 Deusmaneret,
1133 2641 1193 2718 sed

126 2755 171 2814 ιιι
191 2753 359 2814 manente
383 2737 469 2810 Deo
486 2737 600 2814 homo
615 2748 721 2810 natus
737 2736 774 2810 in
793 2737 911 2836 Deum
930 2736 982 2816 sit.
1034 2739 1127 2815 Nam
1156 2743 1193 2820 dt

125 2839 339 2914 Emmanuel
353 2857 488 2911 nomen
504 2835 657 2930 ejus-est,
683 2837 781 2930 quod
802 2835 853 2910 est
869 2840 1059 2914 nobiscum
1072 2841 1193 2920 Deus:

126 2955 169 3012 ιιι
181 2959 259 3012 non
271 2935 426 3012 defectio
438 2933 508 3014 Dei
526 2936 568 3008 ad
584 2935 765 3012 hominem
782 2937 838 3031 lit,
865 2935 921 3014 sed
939 2938 1094 3014 hominis
1108 2961 1193 3035 pro·

125 3039 241 3120 leatus
258 3037 301 3112 ad
323 3035 456 3114 Deum.
478 3087 493 3116 -,
506 3035 581 3112 Vel
603 3054 685 3112 cum
696 3033 891 3136 glorificari
911 3037 945 3112 se
964 3055 1090 3138 rogat,
1115 3062 1192 3120 non

126 3141 253 3231 utique
266 3152 403 3213 naturae
414 3135 502 3234 Dei,
527 3134 798 3233 sedalsumtioni
814 3139 1195 3242 humililatishocprog

126 3237 217 3315 ficit.
268 3237 363 3313 Nam
382 3237 476 3313 hanc
493 3238 644 3338 gloriam
660 3235 841 3333 postulat,
873 3259 977 3334 quarn
999 3255 1084 3316 ante
1104 3263 1194 3320 cora·

121 3339 349 3420 stitutionem
364 3338 487 3414 mundi
500 3337 595 3432 apud
610 3337 729 3416 Deum
743 3340 880 3417 habult.
1189 3405 1196 3424 ‚

203 3449 239 3521 8.
266 3437 542 3536 Respondentes
570 3459 716 3532 quoque
735 3437 935 3516 stultissimis
958 3459 1085 3518 eorum
1108 3461 1195 3537 pro·

129 3537 357 3627 selirombus,
381 3559 496 3633 usque
515 3537 560 3614 ad
574 3539 746 3636 ignoratn
762 3540 862 3614 horae
878 3537 1121 3617 descendimus
1136 3542 1196 3618 de·

129 3637 444 3715 monstrationem:
470 3659 549 3730 que
565 3638 711 3734 etiams,
737 3636 928 3714 secundum
944 3640 1039 3724 illos,
1063 3641 1194 3715 allilia
1281 3699 1285 3708 .

131 3736 349 3830 apprehensa
370 3758 446 3812 non
470 3735 579 3830 esset,
610 3752 730 3812 tamen
746 3737 782 3812 id
800 3737 844 3812 ad
863 3742 1121 3816 contumeliam
1145 3742 1196 3815 di·

129 3837 293 3910 vinitatis
315 3838 505 3935 unigenitae
524 3837 600 3910 n'on
621 3837 840 3930 pertinerem
867 3841 949 3932 quia
971 3856 1097 3917 natura
1117 3862 1196 3916 non

129 3935 258 4026 ferret,
285 3949 325 4008 ut
345 3958 426 4011 eum
441 3938 612 4012 nativitas
629 3952 855 4036 retroageret
866 3939 1196 4016 adinnascibllitatis

131 4035 381 4112 ininitiabilem
398 4034 700 4132 substitutionem,
725 4037 895 4132 potestati
912 4037 979 4114 suae
994 4039 1099 4114 Patre
1118 4063 1197 4115 mo·
1269 4123 1277 4134 ³

128 4149 289 4212 mentum
321 4131 514 4210 definiendi
542 4140 658 4211 adhuc
686 4137 755 4212 diei
779 4137 822 4213 ad
854 4137 1198 4218 demonstrationem

129 4234 353 4316 austeritatis
374 4235 588 4313 innascibilis
604 4236 828 4314 reservante:
852 4260 972 4333 neque
986 4239 1024 4315 in
1040 4261 1086 4312 eo
1102 4239 1201 4314 inlito

624 4337 657 4412 X
683 4361 706 4431 5
1053 4356 1146 4419 maru
