2742 4959
696 879 757 912 -.
886 839 1353 918 :Lrnzn
1451 833 1668 922 XII..
2199 858 2346 934 431.

372 1035 492 1102 40.
540 1007 897 1102 Perpetua
938 1003 1165 1096 enim,
1216 997 1285 1078 δι
1312 1009 1580 1076 aeterna
1613 1019 1848 1078 rerum
1875 999 2342 1078 creandarum

279 1114 328 1188 st
358 1108 819 1208 praeparatiog
868 1123 1107 1197 neque
1135 1103 1456 1198 partibus
1495 1102 2020 1198 cogitationum
2049 1103 2338 1176 univer-

279 1215 439 1288 tatis
479 1210 685 1302 huJ'us
718 1225 985 1298 corpus
1018 1201 1351 1278 effeetum
1386 1201 1530 1296 est,
1579 1215 1662 1274 ut
1693 1201 1996 1294 primum
2029 1199 2120 1274 de
2157 1205 2334 1278 caeio

279 1329 305 1386 t
326 1314 749 1408 cogitatum,
801 1319 953 1378 tum
976 1302 1223 1398 postea
1236 1317 1444 1376 terrae
1465 1321 1636 1376 cura
1653 1301 1722 1376 δι
1743 1299 2078 1384 tractatus
2101 1300 2350 1380 Deum·

279 1414 505 1504 nierit,
572 1409 1113 1504 cogitatumque
1146 1423 1276 1498 per
1314 1402 1580 1499 singula
1615 1399 1738 1488 sit,
1789 1417 1870 1474 ut
1912 1403 2212 1494 primum
2259 1407 2336 1476 in

279 1511 513 1586 ianitie
623 1503 1186 1594 diffunderetur,
1254 1501 1516 1575 deinde
1547 1495 1796 1598 postea
1829 1503 2128 1577 meliore
2161 1523 2342 1575 con-

279 1614 375 1685 Ιίο
412 1629 535 1684 mo
622 1608 779 1680 ibus
812 1605 1260 1693 elevaretur,
1309 1599 1581 1676 rursum
1613 1617 1847 1674 autem
1887 1605 2096 1676 etiam
2138 1605 2342 1674 colli·
2445 1625 2456 1632 ·

279 1731 355 1785 us
384 1710 801 1790 variaretur,
852 1717 1113 1794 quarto
1142 1702 1400 1776 deinde
1424 1702 1823 1776 habitabilis
1857 1701 2070 1775 etiam
2085 1703 2156 1776 in
2174 1704 2338 1796 ipsis

279 1807 707 1884 acuminibus
747 1802 1213 1894 redderetur,
1268 1816 1886 1896 praeparatumque
1913 1803 2198 1893 caeium,
2255 1825 2344 1876 ac

279 1911 413 1981 =des
438 1905 571 1978 Dei
592 1903 1098 2000 segregaretur,
1138 1919 1676 1994 ventorumque
1693 1903 2186 1976 exhalationes
2209 1925 2346 1979 nu-

279 2027 352 2080 es
389 2010 461 2078 in
502 2003 769 2078 summo
806 2001 1063 2075 validae
1092 2005 1596 2090 continerent3
1653 2015 1830 2076 tunc
1853 2002 2109 2075 deinde
2157 2004 2342 2075 certi

279 2108 347 2178 ib
390 2108 568 2178 caelo
608 2103 853 2176 fontes
892 2115 1254 2195 mearent,
1320 2121 1406 2174 ac
1447 2099 1813 2195 postremo
1857 2100 2347 2175 fundamentis

279 2225 413 2278 trra
454 2205 763 2278 fortibus
798 2199 1368 2276 confirmaretur.
1471 2199 1774 2295 Singulis
1813 2202 2001 2274 enirn
2043 2202 2148 2274 his
2187 2224 2350 2276 om·-

279 2307 431 2376 ibus
488 2303 925 2376 anteriorem
968 2299 1037 2373 se
1089 2300 1450 2394 Sapientia
1501 2297 1646 2374 effe
1689 2297 2100 2392 profitetur.
2201 2301 2348 2374 Sed·

279 2425 387 2476 um
422 2402 821 2492 omnia-per
852 2399 1128 2492 Deum,
1186 2419 1339 2492 qnae
1372 2399 1496 2472 sub
1531 2402 1707 2472 caelo
1735 2399 1925 2492 sunt,
1977 2399 2156 2474 facta
2179 2402 2352 2496 fint,‘

279 2525 295 2575 :
338 2499 852 2594 componendo
886 2502 1065 2574 caelo
1100 2497 1426 2573 Christus·
1449 2497 1786 2590 adfuerit,
1839 2499 2144 2594 &ipsam
2170 2523 2348 2596 prae-

279 2604 445 2676 arati
496 2602 645 2700 carli
686 2602 1077 2693 praeveniat
1119 2600 1634 2691 aeternitatem,
1707 2620 1858 2674 non
1891 2603 2160 2692 patitur
2196 2602 2344 2675 hoc

279 2702 597 2776 ¹«tistimari
658 2701 733 2776 in
782 2699 953 2774 Deo
994 2700 1428 2775 minutarum
1457 2719 1694 2771 rerum
1731 2701 2186 2792 particulatas
2222 2722 2356 2775 coa

279 2808 637 2891 itationes,
691 2803 851 2892 quia
880 2801 1116 2874 omnis
1142 2802 1401 2872 horum
1429 2801 1854 2891 praeparatio
1883 2799 2051 2872 Deo
2090 2800 2190 2874 est
2217 2819 2354 2873 co·-

282 2919 507 2974 terna.
612 2897 799 2970 Nam
828 2897 1099 2970 tametsi
1139 2898 1398 2970 habeat
1437 2895 2021 2988 dispensationem
2055 2896 2192 2990 sui,
2248 2899 2366 2974 se-·.

279 3001 535 3072 undum
594 2995 927 3088 Moysem
977 2992 1402 3070 firmamenti
1435 2995 1814 3088 solidatio,
1865 2998 2074 3070 aridae
2123 3002 2346 3073 nuda-

286 3120 383 3189 0,
434 3097 641 3171 maris
682 3096 1196 3190 congregatio,
1250 3093 1598 3170 astrorum
1632 3096 2086 3189 constitutiO,
2138 3120 2348 3190 aqua-

279 3219 379 3270 Jm
414 3211 764 3284 terraeque
798 3196 873 3268 in
916 3195 1281 3286 ejiciendis
1320 3215 1412 3268 ex
1449 3194 1520 3268 se
1558 3198 2030 3272 animantibus
2053 3221 2348 3296 genera·

287 3319 379 3389 o,
451 3294 569 3370 sed
612 3295 802 3386 eaeii,
874 3307 1129 3385 terrae,
1206 3307 1776 3390 caetcrorumquc
1821 3301 2344 3376 elementorum

279 3396 501 3472 reatio
553 3416 644 3469 ne
680 3395 829 3468 levi
858 3393 1101 3470 saltem
1132 3409 1510 3470 momento
1541 3397 1986 3494 operationis
2019 3399 2360 3474 discerni-·

279 3517 403 3585 113
476 3496 640 3587 quia
676 3514 927 3568 eorum
974 3497 1400 3591 praeparatio
1462 3499 1782 3591 aequabili
1825 3519 2048 3594 penes
2103 3499 2346 3579 Deum

286 3596 637 3670 ternitatis
674 3591 1031 3668 infinitate
1070 3597 1516 3672 constiterat.
1553 3627 1558 3634 ·

376 3717 493 3784 41.
546 3695 675 3768 His
728 3695 945 3790 igitur
986 3693 1328 3788 infinitis,
1399 3697 1468 3769 &
1499 3695 1783 3770 aeternis
1817 3697 1894 3771 in
1936 3693 2103 3771 Deo
2145 3697 2352 3774 Chri-

279 3813 369 3866 :us
410 3813 571 3868 cum
612 3793 899 3886 adeffet‚
954 3793 1171 3869 solam
1204 3797 1416 3870 nobis
1448 3798 1844 3871 nativitatis
1873 3795 2006 3870 suae
2036 3801 2347 3892 permitit:

279 3891 775 3968 onscientiam:
834 3910 969 3977 :ut,
1022 3911 1361 3988 quantum
1393 3897 1478 3969 ad
1515 3893 1730 3972 fidem
1779 3895 2172 3990 proficeret
2203 3901 2348 3973 Dei

279 3991 586 4066 itelleffta
624 3994 1006 4087 nativitas,
1070 4007 1345 4068 tantum
1388 3997 1668 4070 valeret
1703 3997 1788 4070 ad
1819 3994 2203 4092 susceptam
2240 4019 2350 4073 re-

279 4093 565 4192 gionem
625 4095 917 4188 cognita
964 4097 1361 4166 nativitatis
1411 4099 1802 4170 aeternitas:
1875 4101 2038 4190 quia
2077 4121 2164 4171 ex
2207 4119 2345 4194 e0,

279 4194 347 4266 ui
386 4207 688 4266 aeternus
719 4190 820 4264 est
848 4208 1077 4285 patre,
1128 4215 1263 4266 nec
1288 4197 1506 4291 ratio,
1559 4217 1697 4271 nec
1727 4195 1959 4272 sensus
1991 4199 2348 4295 admittat,

279 4293 349 4371 isa
394 4307 737 4366 aeteruum
761 4288 985 4367 filium
1026 4295 1410 4389 praedicari.

375 4413 491 4482 42.
546 4390 683 4464 Sed
708 4395 1093 4468 creationis
1120 4415 1388 4468 nomen
1421 4417 1558 4470 noa
1593 4395 1664 4470 δι
1693 4394 2034 4490 profeffio
2065 4413 2348 4476 movet.

279 4492 543 4568 [oveat
572 4489 731 4568 sane
766 4511 1037 4568 nomen
1068 4495 1498 4592 creationis,
1547 4495 1598 4574 si
1633 4517 1790 4573 non
1817 4497 2158 4670 natiixsitas
2183 4515 2354 4578 ante

1997 4603 2250 4693 aecula‚
