2742 4959
1094 470 1106 492 l

244 526 248 538 ι
1253 545 1257 556 Ι

183 641 322 718 'mm
532 617 928 704 &Hruaurt

190 804 275 887 tur,
296 788 342 866 iit
357 777 452 862 iouia
467 783 516 862 ab
530 775 678 863 Hilario
689 779 832 865 nannum
845 785 1019 864 destinata
1033 785 1124 887 effe,
1147 791 1211 870 obi
1224 811 1268 870 ea

189 929 268 1016 pre
281 908 447 988 manibua
465 905 631 984 baberet.
679 909 828 1013 -Quibua
846 922 967 985 autom
984 909 1166 1006 placebit,
1189 910 1268 988 haee

127 1061 132 1080 ’
190 1030 350 1112 absoluti
371 1028 495 1122 operia
522 1013 724 1129 irrgrn'eota
750 1025 854 1125 eisc,-
879 1027 1115 1107 nihilominua
1133 1053 1181 1107 ex
1199 1033 1268 1128 iis,

192 1167 276 1250 que
292 1146 434 1242 desunt,
460 1145 655 1246 constabit,
680 1171 725 1226 ea
741 1150 860 1249 aliter,
885 1170 992 1246 quam
1009 1149 1123 1227 modo
1134 1151 1270 1228 haben·

191 1287 276 1368 tur,
307 1273 354 1346 ab
372 1267 518 1344 Hilario
539 1265 612 1352 &e
632 1269 810 1349 ordinata.
872 1267 1004 1347 Utrum
1025 1287 1120 1347 vero
1140 1279 1269 1368 pretu-

191 1395 279 1474 iecia
291 1389 529 1485 opinionem,
551 1387 686 1468 horum
697 1389 985 1490 fragmentorum
1000 1389 1165 1469 confufio
1180 1393 1272 1468 nihil

191 1527 324 1598 eurum
342 1508 481 1586 officiet
498 1509 657 1587 veritati.
760 1531 765 1542 ·
1009 1576 1011 1579 ,

292 1626 429 1710 Ruffini
450 1626 661 1707 testimonio
687 1630 723 1706 ἀ
743 1631 889 1726 antiqua
910 1630 1087 1710 censenda
1110 1631 1163 1710 eit
1185 1634 1270 1710 libri

102 1737 107 1756 ’
190 1757 301 1852 hujus
325 1750 540 1846 corruptio,
572 1749 608 1823 ἀ
624 1749 804 1828 hereticis
824 1749 1072 1831 adscribenda:
1103 1753 1268 1832 iitamen

191 1876 241 1956 ad
259 1859 335 1954 huc
352 1891 447 1969 opur
465 1868 699 1948 referendum
717 1869 792 1968 est,
825 1873 926 1968 quod
944 1875 1007 1952 iile
1023 1872 1126 1954 tract
1149 1877 1194 1953 de
1211 1878 1273 1954 ad·

191 1993 610 2074 ulterationeiibromm
624 1989 795 2092 origenis
804 1993 884 2088 ait:¹
897 1993 1075 2075 Hilarium
1091 1996 1136 2073 ad
1151 2017 1272 2074 emen·

195 2119 387 2195 dationem
401 2133 551 2208 eorum,
576 2111 639 2208 qut
655 2109 873 2192 Ariminenii
885 2115 1046 2213 perfidie
1062 2113 1273 2215 subscripse-

193 2250 302 2334 rant,
343 2237 476 2311 librum
502 2229 746 2308 iostnrtiionir
777 2233 980 2329 plenissimn
1005 2232 1269 2333 conscripfiffe,

194 2357 259 2455 'qni
277 2354 428 2431 subinde
443 2353 489 2428 ab
510 2351 692 2428 hereticis
713 2353 765 2428 ita
782 2350 937 2429 foedatua
959 2355 1023 2450 iit,
1054 2366 1165 2432 utne
1187 2375 1272 2433 eum

106 2460 111 2472 ’
195 2479 342 2576 quidem
357 2473 516 2552 Hilarior
530 2467 608 2569 ipse
620 2470 842 2569 agnosceret
890 2473 962 2551 Sed
976 2474 1127 2551 crtmhia
1145 2479 1273 2556 varbir

194 2602 312 2682 multa
327 2593 492 2674 Ruffinua
504 2590 701 2674 immisceat
716 2606 840 2692 aperte
848 2593 949 2690 falsa,
973 2594 1273 2691 &quaefrbuiam

195 2721 354 2799 omuino
378 2707 533 2813 sapiant,
563 2714 631 2791 vix
651 2711 844 2820 quidquam
860 2736 906 2790 ex
919 2716 962 2793 iia
983 2714 1176 2795 conficiat:
1208 2719 1274 2795 nisr

196 2842 300 2920 forte
320 2839 469 2932 dixerit,
492 2835 578 2914 iibri
595 2837 702 2935 huju·
723 2835 1023 2932 depravationem
1036 2839 1080 2915 iia
1096 2834 1272 2938 fingendis

198 2959 430 3037 occasionem
442 2955 640 3053 prebuiiie.
689 2953 742 3032 Et
761 2977 858 3034 vero
870 2956 1092 3036 Ariaoorum
1111 2959 1273 3052 nequitia

198 3081 348 3178 dignum
368 3087 468 3169 arat,
506 3086 550 3149 ut
566 3074 649 3149 liori
663 3075 769 3170 hujua
786 3077 1031 3175 integritatem
1049 3081 1156 3154 nobis
1181 3080 1275 3153 invi·

197 3201 341 3278 cierent.
391 3193 484 3271 Casu
504 3193 612 3270 etiem
629 3194 781 3270 evenire
799 3196 924 3292 potuit
944 3198 1038 3271 illiue
1058 3195 1238 3274 consutio.

203 3343 206 3348 ·
301 3313 464 3395 Meurini
479 3311 662 3408 editura,
689 3333 844 3409 quorum
857 3315 1104 3393 recentiorem
1119 3327 1193 3390 tarn
1208 3335 1276 3391 no·

199 3440 289 3516 rior
304 3432 551 3528 Veronensrr,
578 3453 686 3546 quam
699 3435 975 3514 noviiiimahac
991 3435 1276 3535 wirceburgen-

199 3560 246 3640 ur
261 3557 480 3652 sequuntur,
506 3553 604 3630 &ex
622 3573 778 3651 quorum
793 3555 832 3632 irr
843 3555 1044 3658 fragmenta
1058 3557 1136 3634 iraec
1150 3558 1277 3655 praefa·

199 3672 635 3758 tiuncuiahcchritenua
649 3691 823 3774 excerpta
838 3677 931 3763 suot,
955 3678 1009 3753 ita
1024 3675 1201 3777 (oportet
1216 3681 1277 3757 de·

200 3803 329 3898 inceps
344 3795 519 3893 ipsosmet
532 3793 749 3906 suiaverbia,
774 3793 1274 3896 suoqueuornineloquenter

199 3918 396 4016 inducere)
412 3916 651 3994 continuant:
674 3969 705 4012 „
715 3915 855 3996 Verum
865 3918 938 4016 J'am
955 3939 1034 3996 non
1053 3922 1145 3999 tanti
1161 3919 1276 3997 refert

199 4042 310 4137 scire,
335 4038 433 4116 unde
448 4049 531 4114 ortr
545 4035 588 4114 iit
601 4038 680 4114 hcc
694 4036 881 4133 confuiio,
906 4041 1031 4134 quanti
1044 4037 1205 4134 interest,
1230 4053 1274 4116 ut

201 4161 551 4259 quomodocumque
562 4172 765 4257 reperetur.
815 4158 892 4236 Vix
911 4160 1005 4236 enirn
1018 4155 1175 4255 caserie,
1202 4181 1274 4256 qua

201 4283 243 4360 in
266 4279 355 4361 Mri.
377 4295 499 4379 extet,
530 4279 609 4362 iinc
623 4277 765 4362 fastidio
784 4279 855 4381 tegi
876 4279 938 4358 hic
960 4283 1052 4361 iiber
1067 4279 1197 4378 poffit,
1236 4281 1273 4360 ir

1144 4399 1220 4481 fine
