<?xml version="1.0" encoding="UTF-8"?>
<!DOCTYPE html PUBLIC "-//W3C//DTD XHTML 1.0 Transitional//EN"
    "http://www.w3.org/TR/xhtml1/DTD/xhtml1-transitional.dtd">
<html xmlns="http://www.w3.org/1999/xhtml" xml:lang="en" lang="en">
 <head>
  <title>
</title>
<meta http-equiv="Content-Type" content="text/html;charset=utf-8" />
  <meta name='ocr-system' content='tesseract 3.04.00' />
  <meta name='ocr-capabilities' content='ocr_page ocr_carea ocr_par ocr_line ocrx_word'/>
</head>
<body>
  <div class='ocr_page' id='page_1' title='image "./operaomniasanct00librgoog/operaomniasanct00librgoog_0303.png"; bbox 0 0 2742 4959; ppageno 0'>
   <div class='ocr_carea' id='block_1_1' title="bbox 497 598 1201 708">
    <p class='ocr_par' dir='ltr' id='par_1_1' title="bbox 497 598 1201 708">
     <span class='ocr_line' id='line_1_1' title="bbox 497 598 1201 708; baseline 0.001 -31"><span class='ocrx_word' id='word_1_1' title='bbox 497 598 728 677; x_wconf 64' lang='lat' dir='ltr'>Linea</span> <span class='ocrx_word' id='word_1_2' title='bbox 778 598 828 678; x_wconf 87' lang='lat' dir='ltr'>V.</span> <span class='ocrx_word' id='word_1_3' title='bbox 1029 683 1043 708; x_wconf 21' lang='grc' dir='ltr'>Ι,</span> <span class='ocrx_word' id='word_1_4' title='bbox 1131 623 1201 700; x_wconf 79' lang='lat'>113</span> 
     </span>
    </p>
   </div>
   <div class='ocr_carea' id='block_1_2' title="bbox 107 759 1280 4462">
    <p class='ocr_par' dir='ltr' id='par_1_2' title="bbox 107 759 1280 4462">
     <span class='ocr_line' id='line_1_2' title="bbox 107 759 1202 864; baseline 0.001 -22"><span class='ocrx_word' id='word_1_5' title='bbox 107 770 250 844; x_wconf 81' lang='lat' dir='ltr'>centis</span> <span class='ocrx_word' id='word_1_6' title='bbox 270 765 544 864; x_wconf 83' lang='lat' dir='ltr'>intelligentiam</span> <span class='ocrx_word' id='word_1_7' title='bbox 560 761 734 860; x_wconf 78' lang='lat' dir='ltr'>prestitit,</span> <span class='ocrx_word' id='word_1_8' title='bbox 759 774 802 836; x_wconf 91' lang='lat' dir='ltr'>ut</span> <span class='ocrx_word' id='word_1_9' title='bbox 817 759 1112 860; x_wconf 83' lang='lat' dir='ltr'>fignificationem</span> <span class='ocrx_word' id='word_1_10' title='bbox 1127 765 1202 842; x_wconf 88' lang='lat' dir='ltr'>effi·</span> 
     </span>
     <span class='ocr_line' id='line_1_3' title="bbox 108 865 1200 962; baseline -0.003 -19"><span class='ocrx_word' id='word_1_11' title='bbox 108 867 262 944; x_wconf 79' lang='lat' dir='ltr'>cientis</span> <span class='ocrx_word' id='word_1_12' title='bbox 280 865 436 942; x_wconf 84' lang='lat' dir='ltr'>afferret.</span> <span class='ocrx_word' id='word_1_13' title='bbox 486 865 690 962; x_wconf 87' lang='lat' dir='ltr'>Veritatem</span> <span class='ocrx_word' id='word_1_14' title='bbox 703 877 982 956; x_wconf 73' lang='lat' dir='ltr'>antemnarum,</span> <span class='ocrx_word' id='word_1_15' title='bbox 1010 869 1200 958; x_wconf 84' lang='lat' dir='ltr'>atquevir·</span> 
     </span>
     <span class='ocr_line' id='line_1_4' title="bbox 107 963 1200 1066; baseline 0.005 -31"><span class='ocrx_word' id='word_1_16' title='bbox 107 969 245 1063; x_wconf 79' lang='lat' dir='ltr'>tuns,</span> <span class='ocrx_word' id='word_1_17' title='bbox 270 964 478 1066; x_wconf 87' lang='lat' dir='ltr'>fignificatio</span> <span class='ocrx_word' id='word_1_18' title='bbox 493 963 762 1046; x_wconf 86' lang='lat' dir='ltr'>sermocinantis</span> <span class='ocrx_word' id='word_1_19' title='bbox 776 984 851 1044; x_wconf 90' lang='lat' dir='ltr'>non</span> <span class='ocrx_word' id='word_1_20' title='bbox 870 964 1012 1060; x_wconf 81' lang='lat' dir='ltr'>adimit,</span> <span class='ocrx_word' id='word_1_21' title='bbox 1037 971 1121 1058; x_wconf 89' lang='lat' dir='ltr'>quin</span> <span class='ocrx_word' id='word_1_22' title='bbox 1132 990 1200 1062; x_wconf 86' lang='lat' dir='ltr'>po·</span> 
     </span>
     <span class='ocr_line' id='line_1_5' title="bbox 110 1062 1198 1164; baseline 0.007 -31"><span class='ocrx_word' id='word_1_23' title='bbox 110 1064 207 1141; x_wconf 87' lang='lat' dir='ltr'>tius</span> <span class='ocrx_word' id='word_1_24' title='bbox 240 1070 430 1142; x_wconf 82' lang='lat' dir='ltr'>veritatem</span> <span class='ocrx_word' id='word_1_25' title='bbox 457 1065 586 1158; x_wconf 82' lang='lat' dir='ltr'><strong>ipsam,</strong></span> <span class='ocrx_word' id='word_1_26' title='bbox 627 1078 758 1157; x_wconf 87' lang='lat' dir='ltr'>quanta</span> <span class='ocrx_word' id='word_1_27' title='bbox 789 1062 910 1158; x_wconf 90' lang='lat' dir='ltr'>potest</span> <span class='ocrx_word' id='word_1_28' title='bbox 940 1069 1198 1164; x_wconf 83' lang='lat' dir='ltr'>proprietate,</span> 
     </span>
     <span class='ocr_line' id='line_1_6' title="bbox 108 1161 1200 1260; baseline 0 -20"><span class='ocrx_word' id='word_1_29' title='bbox 108 1169 372 1244; x_wconf 83' lang='lat' dir='ltr'>commendat.</span> <span class='ocrx_word' id='word_1_30' title='bbox 425 1163 570 1240; x_wconf 86' lang='lat' dir='ltr'>Afferre</span> <span class='ocrx_word' id='word_1_31' title='bbox 591 1166 686 1238; x_wconf 92' lang='lat' dir='ltr'>enim</span> <span class='ocrx_word' id='word_1_32' title='bbox 703 1161 799 1237; x_wconf 83' lang='lat' dir='ltr'>diuo</span> <span class='ocrx_word' id='word_1_33' title='bbox 818 1161 1066 1260; x_wconf 86' lang='lat' dir='ltr'>efficientiam,</span> <span class='ocrx_word' id='word_1_34' title='bbox 1093 1184 1200 1240; x_wconf 87' lang='lat' dir='ltr'>natu·</span> 
     </span>
     <span class='ocr_line' id='line_1_7' title="bbox 110 1263 1198 1361; baseline 0.002 -21"><span class='ocrx_word' id='word_1_35' title='bbox 110 1273 182 1340; x_wconf 55' lang='grc' dir='ltr'>Γᾶ</span> <span class='ocrx_word' id='word_1_36' title='bbox 196 1270 268 1361; x_wconf 85' lang='lat' dir='ltr'>ejus</span> <span class='ocrx_word' id='word_1_37' title='bbox 284 1267 357 1359; x_wconf 92' lang='lat' dir='ltr'>est,</span> <span class='ocrx_word' id='word_1_38' title='bbox 387 1287 464 1360; x_wconf 81' lang='lat' dir='ltr'>quae</span> <span class='ocrx_word' id='word_1_39' title='bbox 481 1263 636 1338; x_wconf 82' lang='lat' dir='ltr'>efficiens</span> <span class='ocrx_word' id='word_1_40' title='bbox 660 1263 695 1336; x_wconf 91' lang='lat' dir='ltr'>id</span> <span class='ocrx_word' id='word_1_41' title='bbox 713 1263 817 1358; x_wconf 90' lang='lat' dir='ltr'>pollit</span> <span class='ocrx_word' id='word_1_42' title='bbox 832 1265 1006 1356; x_wconf 81' lang='lat' dir='ltr'>praeliare,</span> <span class='ocrx_word' id='word_1_43' title='bbox 1033 1268 1131 1360; x_wconf 94' lang='lat' dir='ltr'>quod</span> <span class='ocrx_word' id='word_1_44' title='bbox 1146 1269 1198 1342; x_wconf 86' lang='lat' dir='ltr'>di-</span> 
     </span>
     <span class='ocr_line' id='line_1_8' title="bbox 114 1364 1200 1462; baseline 0.004 -22"><span class='ocrx_word' id='word_1_45' title='bbox 114 1377 228 1442; x_wconf 70' lang='lat' dir='ltr'>cens.</span> <span class='ocrx_word' id='word_1_46' title='bbox 282 1368 323 1440; x_wconf 95' lang='lat' dir='ltr'>ln</span> <span class='ocrx_word' id='word_1_47' title='bbox 349 1387 423 1459; x_wconf 94' lang='lat' dir='ltr'>quo</span> <span class='ocrx_word' id='word_1_48' title='bbox 447 1383 536 1462; x_wconf 80' lang='lat' dir='ltr'>ergo</span> <span class='ocrx_word' id='word_1_49' title='bbox 555 1364 698 1437; x_wconf 89' lang='lat' dir='ltr'>tandem</span> <span class='ocrx_word' id='word_1_50' title='bbox 713 1385 788 1437; x_wconf 94' lang='lat' dir='ltr'>non</span> <span class='ocrx_word' id='word_1_51' title='bbox 805 1367 873 1436; x_wconf 89' lang='lat' dir='ltr'>erit</span> <span class='ocrx_word' id='word_1_52' title='bbox 892 1385 998 1438; x_wconf 87' lang='lat' dir='ltr'>verus</span> <span class='ocrx_word' id='word_1_53' title='bbox 1015 1367 1097 1459; x_wconf 89' lang='lat' dir='ltr'>ille,</span> <span class='ocrx_word' id='word_1_54' title='bbox 1135 1367 1200 1460; x_wconf 83' lang='lat' dir='ltr'>qui</span> 
     </span>
     <span class='ocr_line' id='line_1_9' title="bbox 120 1464 1200 1561; baseline 0.011 -29"><span class='ocrx_word' id='word_1_55' title='bbox 120 1468 262 1559; x_wconf 85' lang='lat' dir='ltr'>ellicit,</span> <span class='ocrx_word' id='word_1_56' title='bbox 291 1489 372 1540; x_wconf 86' lang='lat' dir='ltr'>cum</span> <span class='ocrx_word' id='word_1_57' title='bbox 394 1485 500 1539; x_wconf 78' lang='lat' dir='ltr'>verus</span> <span class='ocrx_word' id='word_1_58' title='bbox 515 1465 559 1538; x_wconf 84' lang='lat' dir='ltr'>fit</span> <span class='ocrx_word' id='word_1_59' title='bbox 572 1464 655 1556; x_wconf 91' lang='lat' dir='ltr'>ille,</span> <span class='ocrx_word' id='word_1_60' title='bbox 683 1464 742 1556; x_wconf 89' lang='lat' dir='ltr'>qui</span> <span class='ocrx_word' id='word_1_61' title='bbox 765 1464 871 1552; x_wconf 80' lang='lat' dir='ltr'>dicit3</span> <span class='ocrx_word' id='word_1_62' title='bbox 906 1466 1200 1561; x_wconf 88' lang='lat' dir='ltr'>quandoquidem</span> 
     </span>
     <span class='ocr_line' id='line_1_10' title="bbox 125 1561 1197 1666; baseline 0.006 -30"><span class='ocrx_word' id='word_1_63' title='bbox 125 1563 213 1640; x_wconf 69' lang='lat' dir='ltr'>dieti</span> <span class='ocrx_word' id='word_1_64' title='bbox 230 1571 443 1656; x_wconf 80' lang='lat' dir='ltr'>veritatem,</span> <span class='ocrx_word' id='word_1_65' title='bbox 466 1563 552 1640; x_wconf 80' lang='lat' dir='ltr'>fatti</span> <span class='ocrx_word' id='word_1_66' title='bbox 567 1563 702 1638; x_wconf 85' lang='lat' dir='ltr'>vetitas</span> <span class='ocrx_word' id='word_1_67' title='bbox 720 1561 984 1656; x_wconf 79' lang='lat' dir='ltr'>consequatur?</span> <span class='ocrx_word' id='word_1_68' title='bbox 1011 1567 1111 1641; x_wconf 79' lang='lat' dir='ltr'>Deus</span> <span class='ocrx_word' id='word_1_69' title='bbox 1129 1568 1197 1666; x_wconf 92' lang='lat' dir='ltr'>est,</span> 
     </span>
     <span class='ocr_line' id='line_1_11' title="bbox 130 1662 1197 1764; baseline 0.004 -26"><span class='ocrx_word' id='word_1_70' title='bbox 130 1669 192 1757; x_wconf 91' lang='lat' dir='ltr'>qui</span> <span class='ocrx_word' id='word_1_71' title='bbox 211 1669 316 1758; x_wconf 81' lang='lat' dir='ltr'>dixit,</span> <span class='ocrx_word' id='word_1_72' title='bbox 344 1666 442 1738; x_wconf 88' lang='lat' dir='ltr'>Deus</span> <span class='ocrx_word' id='word_1_73' title='bbox 456 1665 518 1750; x_wconf 86' lang='lat' dir='ltr'>est,</span> <span class='ocrx_word' id='word_1_74' title='bbox 544 1685 604 1756; x_wconf 89' lang='lat' dir='ltr'>qur</span> <span class='ocrx_word' id='word_1_75' title='bbox 620 1663 720 1742; x_wconf 87' lang='lat' dir='ltr'>fecit.</span> <span class='ocrx_word' id='word_1_76' title='bbox 772 1662 807 1734; x_wconf 89' lang='lat' dir='ltr'>Si</span> <span class='ocrx_word' id='word_1_77' title='bbox 822 1665 858 1736; x_wconf 93' lang='lat' dir='ltr'>in</span> <span class='ocrx_word' id='word_1_78' title='bbox 873 1663 968 1736; x_wconf 63' lang='lat' dir='ltr'>dieto</span> <span class='ocrx_word' id='word_1_79' title='bbox 981 1670 1114 1740; x_wconf 86' lang='lat' dir='ltr'>veritas</span> <span class='ocrx_word' id='word_1_80' title='bbox 1130 1667 1197 1764; x_wconf 91' lang='lat' dir='ltr'>est,</span> 
     </span>
     <span class='ocr_line' id='line_1_12' title="bbox 132 1761 1196 1864; baseline 0.004 -26"><span class='ocrx_word' id='word_1_81' title='bbox 132 1787 268 1860; x_wconf 76' lang='lat' dir='ltr'>quaro,</span> <span class='ocrx_word' id='word_1_82' title='bbox 296 1787 359 1839; x_wconf 91' lang='lat' dir='ltr'>cur</span> <span class='ocrx_word' id='word_1_83' title='bbox 377 1780 528 1864; x_wconf 80' lang='lat' dir='ltr'>negetur</span> <span class='ocrx_word' id='word_1_84' title='bbox 541 1768 576 1837; x_wconf 93' lang='lat' dir='ltr'>in</span> <span class='ocrx_word' id='word_1_85' title='bbox 594 1761 700 1842; x_wconf 67' lang='lat' dir='ltr'>fatto.</span> <span class='ocrx_word' id='word_1_86' title='bbox 730 1827 732 1834; x_wconf 81' lang='grc'>,</span> <span class='ocrx_word' id='word_1_87' title='bbox 753 1762 790 1836; x_wconf 87' lang='lat' dir='ltr'>N</span> <span class='ocrx_word' id='word_1_88' title='bbox 794 1764 828 1836; x_wconf 79' lang='lat' dir='ltr'>ist</span> <span class='ocrx_word' id='word_1_89' title='bbox 848 1762 944 1836; x_wconf 88' lang='lat' dir='ltr'>forte</span> <span class='ocrx_word' id='word_1_90' title='bbox 960 1764 1019 1839; x_wconf 92' lang='lat' dir='ltr'>hic</span> <span class='ocrx_word' id='word_1_91' title='bbox 1038 1768 1196 1842; x_wconf 85' lang='lat' dir='ltr'>dicendo·</span> 
     </span>
     <span class='ocr_line' id='line_1_13' title="bbox 131 1859 1195 1948; baseline 0.006 -12"><span class='ocrx_word' id='word_1_92' title='bbox 131 1885 241 1939; x_wconf 86' lang='lat' dir='ltr'>verus</span> <span class='ocrx_word' id='word_1_93' title='bbox 264 1867 324 1944; x_wconf 56' lang='lat' dir='ltr'>stt,</span> <span class='ocrx_word' id='word_1_94' title='bbox 359 1866 392 1935; x_wconf 74' lang='grc' dir='ltr'>δι</span> <span class='ocrx_word' id='word_1_95' title='bbox 416 1888 492 1938; x_wconf 93' lang='lat' dir='ltr'>non</span> <span class='ocrx_word' id='word_1_96' title='bbox 514 1865 556 1936; x_wconf 87' lang='lat' dir='ltr'>stt</span> <span class='ocrx_word' id='word_1_97' title='bbox 573 1885 680 1948; x_wconf 85' lang='lat' dir='ltr'>verus</span> <span class='ocrx_word' id='word_1_98' title='bbox 698 1859 760 1935; x_wconf 89' lang='lat' dir='ltr'>iste</span> <span class='ocrx_word' id='word_1_99' title='bbox 778 1863 959 1939; x_wconf 85' lang='lat' dir='ltr'>faciendo.</span> <span class='ocrx_word' id='word_1_100' title='bbox 1010 1867 1195 1942; x_wconf 80' lang='lat' dir='ltr'>Habemus</span> 
     </span>
     <span class='ocr_line' id='line_1_14' title="bbox 131 1961 1198 2062; baseline 0 -24"><span class='ocrx_word' id='word_1_101' title='bbox 131 1968 254 2056; x_wconf 82' lang='lat' dir='ltr'>itaque</span> <span class='ocrx_word' id='word_1_102' title='bbox 274 1969 308 2035; x_wconf 92' lang='lat' dir='ltr'>in</span> <span class='ocrx_word' id='word_1_103' title='bbox 325 1961 401 2035; x_wconf 87' lang='lat' dir='ltr'>lilio</span> <span class='ocrx_word' id='word_1_104' title='bbox 423 1963 494 2052; x_wconf 86' lang='lat' dir='ltr'>Dei</span> <span class='ocrx_word' id='word_1_105' title='bbox 509 1962 591 2036; x_wconf 91' lang='lat' dir='ltr'>Deo</span> <span class='ocrx_word' id='word_1_106' title='bbox 603 1979 745 2036; x_wconf 84' lang='lat' dir='ltr'>naturae</span> <span class='ocrx_word' id='word_1_107' title='bbox 763 1963 966 2040; x_wconf 85' lang='lat' dir='ltr'>veritatem.</span> <span class='ocrx_word' id='word_1_108' title='bbox 1018 1965 1118 2036; x_wconf 86' lang='lat' dir='ltr'>Deus</span> <span class='ocrx_word' id='word_1_109' title='bbox 1132 1967 1198 2062; x_wconf 87' lang='lat' dir='ltr'>est,</span> 
     </span>
     <span class='ocr_line' id='line_1_15' title="bbox 130 2059 1231 2156; baseline 0.003 -20"><span class='ocrx_word' id='word_1_110' title='bbox 130 2081 279 2137; x_wconf 90' lang='lat' dir='ltr'>creator</span> <span class='ocrx_word' id='word_1_111' title='bbox 299 2063 362 2154; x_wconf 89' lang='lat' dir='ltr'>est,</span> <span class='ocrx_word' id='word_1_112' title='bbox 390 2061 461 2136; x_wconf 91' lang='lat' dir='ltr'>Dei</span> <span class='ocrx_word' id='word_1_113' title='bbox 475 2059 566 2135; x_wconf 88' lang='lat' dir='ltr'>filius</span> <span class='ocrx_word' id='word_1_114' title='bbox 584 2061 650 2156; x_wconf 91' lang='lat' dir='ltr'>est,</span> <span class='ocrx_word' id='word_1_115' title='bbox 678 2063 796 2154; x_wconf 88' lang='lat' dir='ltr'>potest</span> <span class='ocrx_word' id='word_1_116' title='bbox 811 2066 941 2138; x_wconf 90' lang='lat' dir='ltr'>omnia.</span> <span class='ocrx_word' id='word_1_117' title='bbox 992 2061 1120 2137; x_wconf 90' lang='lat' dir='ltr'>Parum</span> <span class='ocrx_word' id='word_1_118' title='bbox 1132 2064 1196 2149; x_wconf 85' lang='lat' dir='ltr'>est,</span> <span class='ocrx_word' id='word_1_119' title='bbox 1228 2087 1231 2100; x_wconf 90' lang='lat'><em>·</em></span> 
     </span>
     <span class='ocr_line' id='line_1_16' title="bbox 130 2160 1280 2255; baseline 0.005 -21"><span class='ocrx_word' id='word_1_120' title='bbox 130 2181 197 2253; x_wconf 84' lang='lat' dir='ltr'>ut,</span> <span class='ocrx_word' id='word_1_121' title='bbox 233 2163 452 2254; x_wconf 85' lang='lat' dir='ltr'>quodvult,</span> <span class='ocrx_word' id='word_1_122' title='bbox 480 2160 606 2255; x_wconf 85' lang='lat' dir='ltr'>pollit,</span> <span class='ocrx_word' id='word_1_123' title='bbox 636 2166 716 2252; x_wconf 91' lang='lat' dir='ltr'>quia</span> <span class='ocrx_word' id='word_1_124' title='bbox 736 2161 870 2254; x_wconf 78' lang='lat' dir='ltr'>semper</span> <span class='ocrx_word' id='word_1_125' title='bbox 894 2164 1065 2238; x_wconf 90' lang='lat' dir='ltr'>voluntas</span> <span class='ocrx_word' id='word_1_126' title='bbox 1082 2166 1205 2246; x_wconf 75' lang='lat' dir='ltr'>virtu,</span> <span class='ocrx_word' id='word_1_127' title='bbox 1269 2219 1280 2232; x_wconf 79' lang='lat'><em>-</em></span> 
     </span>
     <span class='ocr_line' id='line_1_17' title="bbox 129 2262 1197 2357; baseline 0.002 -21"><span class='ocrx_word' id='word_1_128' title='bbox 129 2266 178 2336; x_wconf 87' lang='lat' dir='ltr'>tis</span> <span class='ocrx_word' id='word_1_129' title='bbox 195 2262 259 2352; x_wconf 89' lang='lat' dir='ltr'>ost,</span> <span class='ocrx_word' id='word_1_130' title='bbox 285 2264 370 2353; x_wconf 89' lang='lat' dir='ltr'>quin</span> <span class='ocrx_word' id='word_1_131' title='bbox 390 2262 565 2357; x_wconf 86' lang='lat' dir='ltr'>etiamid,</span> <span class='ocrx_word' id='word_1_132' title='bbox 592 2263 691 2353; x_wconf 87' lang='lat' dir='ltr'>quod</span> <span class='ocrx_word' id='word_1_133' title='bbox 706 2262 766 2336; x_wconf 87' lang='lat' dir='ltr'>srbi</span> <span class='ocrx_word' id='word_1_134' title='bbox 783 2263 927 2356; x_wconf 89' lang='lat' dir='ltr'>dicitur,</span> <span class='ocrx_word' id='word_1_135' title='bbox 955 2264 1085 2356; x_wconf 88' lang='lat' dir='ltr'>potest.</span> <span class='ocrx_word' id='word_1_136' title='bbox 1114 2265 1197 2338; x_wconf 88' lang='lat' dir='ltr'>Per·</span> 
     </span>
     <span class='ocr_line' id='line_1_18' title="bbox 125 2361 1197 2458; baseline 0.002 -21"><span class='ocrx_word' id='word_1_137' title='bbox 125 2361 232 2437; x_wconf 75' lang='lat' dir='ltr'>fettae</span> <span class='ocrx_word' id='word_1_138' title='bbox 249 2363 341 2436; x_wconf 90' lang='lat' dir='ltr'>enim</span> <span class='ocrx_word' id='word_1_139' title='bbox 361 2362 548 2458; x_wconf 82' lang='lat' dir='ltr'>potestatis</span> <span class='ocrx_word' id='word_1_140' title='bbox 573 2362 649 2454; x_wconf 91' lang='lat' dir='ltr'>est,</span> <span class='ocrx_word' id='word_1_141' title='bbox 672 2363 746 2436; x_wconf 93' lang='lat' dir='ltr'>hoc</span> <span class='ocrx_word' id='word_1_142' title='bbox 772 2381 932 2437; x_wconf 83' lang='lat' dir='ltr'>naturam</span> <span class='ocrx_word' id='word_1_143' title='bbox 956 2363 1197 2457; x_wconf 82' lang='lat' dir='ltr'>pollefacien·</span> 
     </span>
     <span class='ocr_line' id='line_1_19' title="bbox 128 2460 1200 2560; baseline 0.007 -27"><span class='ocrx_word' id='word_1_144' title='bbox 128 2463 199 2554; x_wconf 81' lang='lat' dir='ltr'>tis&#39;,</span> <span class='ocrx_word' id='word_1_145' title='bbox 236 2465 334 2553; x_wconf 89' lang='lat' dir='ltr'>quod</span> <span class='ocrx_word' id='word_1_146' title='bbox 361 2463 466 2556; x_wconf 83' lang='lat' dir='ltr'>poffit</span> <span class='ocrx_word' id='word_1_147' title='bbox 492 2460 688 2560; x_wconf 80' lang='lat' dir='ltr'>significare</span> <span class='ocrx_word' id='word_1_148' title='bbox 711 2461 826 2535; x_wconf 89' lang='lat' dir='ltr'>sermo</span> <span class='ocrx_word' id='word_1_149' title='bbox 857 2465 1020 2539; x_wconf 78' lang='lat' dir='ltr'>dicentis.</span> <span class='ocrx_word' id='word_1_150' title='bbox 1073 2465 1200 2558; x_wconf 85' lang='lat' dir='ltr'>Atque</span> 
     </span>
     <span class='ocr_line' id='line_1_20' title="bbox 127 2561 1199 2660; baseline 0.003 -25"><span class='ocrx_word' id='word_1_151' title='bbox 127 2565 202 2654; x_wconf 90' lang='lat' dir='ltr'>ita,</span> <span class='ocrx_word' id='word_1_152' title='bbox 230 2585 324 2655; x_wconf 91' lang='lat' dir='ltr'>cum,</span> <span class='ocrx_word' id='word_1_153' title='bbox 351 2562 521 2655; x_wconf 92' lang='lat' dir='ltr'>quidquid</span> <span class='ocrx_word' id='word_1_154' title='bbox 537 2562 607 2636; x_wconf 91' lang='lat' dir='ltr'>dici</span> <span class='ocrx_word' id='word_1_155' title='bbox 622 2563 756 2656; x_wconf 90' lang='lat' dir='ltr'>potest,</span> <span class='ocrx_word' id='word_1_156' title='bbox 782 2564 817 2634; x_wconf 93' lang='lat' dir='ltr'>id</span> <span class='ocrx_word' id='word_1_157' title='bbox 833 2563 944 2654; x_wconf 89' lang='lat' dir='ltr'>ipsum</span> <span class='ocrx_word' id='word_1_158' title='bbox 961 2565 994 2636; x_wconf 81' lang='lat' dir='ltr'>dr</span> <span class='ocrx_word' id='word_1_159' title='bbox 1010 2561 1100 2636; x_wconf 88' lang='lat' dir='ltr'>effici</span> <span class='ocrx_word' id='word_1_160' title='bbox 1116 2564 1199 2660; x_wconf 87' lang='lat' dir='ltr'>pos·</span> 
     </span>
     <span class='ocr_line' id='line_1_21' title="bbox 126 2661 1198 2752; baseline -0.005 -14"><span class='ocrx_word' id='word_1_161' title='bbox 126 2662 192 2748; x_wconf 84' lang='lat' dir='ltr'>stt;</span> <span class='ocrx_word' id='word_1_162' title='bbox 220 2679 321 2736; x_wconf 83' lang='lat' dir='ltr'>tenet</span> <span class='ocrx_word' id='word_1_163' title='bbox 338 2664 502 2736; x_wconf 85' lang='lat' dir='ltr'>veritatis</span> <span class='ocrx_word' id='word_1_164' title='bbox 516 2677 676 2734; x_wconf 87' lang='lat' dir='ltr'>naturam</span> <span class='ocrx_word' id='word_1_165' title='bbox 692 2683 747 2748; x_wconf 85' lang='lat' dir='ltr'>ea,</span> <span class='ocrx_word' id='word_1_166' title='bbox 775 2683 852 2750; x_wconf 76' lang='lat' dir='ltr'>que</span> <span class='ocrx_word' id='word_1_167' title='bbox 868 2661 966 2734; x_wconf 76' lang='lat' dir='ltr'>diuis</span> <span class='ocrx_word' id='word_1_168' title='bbox 977 2680 1198 2752; x_wconf 74' lang='lat' dir='ltr'>exaequatur,</span> 
     </span>
     <span class='ocr_line' id='line_1_22' title="bbox 130 2756 1197 2853; baseline 0.005 -21"><span class='ocrx_word' id='word_1_169' title='bbox 130 2765 314 2853; x_wconf 71' lang='lat' dir='ltr'>operatio,</span> <span class='ocrx_word' id='word_1_170' title='bbox 366 2760 458 2834; x_wconf 89' lang='lat' dir='ltr'>Non</span> <span class='ocrx_word' id='word_1_171' title='bbox 473 2759 659 2850; x_wconf 86' lang='lat' dir='ltr'>estitaque</span> <span class='ocrx_word' id='word_1_172' title='bbox 672 2758 743 2831; x_wconf 91' lang='lat' dir='ltr'>Dei</span> <span class='ocrx_word' id='word_1_173' title='bbox 758 2756 851 2830; x_wconf 85' lang='lat' dir='ltr'>lilius</span> <span class='ocrx_word' id='word_1_174' title='bbox 869 2760 971 2832; x_wconf 85' lang='lat' dir='ltr'>Deus</span> <span class='ocrx_word' id='word_1_175' title='bbox 982 2760 1101 2852; x_wconf 84' lang='lat' dir='ltr'>falsus,</span> <span class='ocrx_word' id='word_1_176' title='bbox 1126 2785 1197 2837; x_wconf 91' lang='lat' dir='ltr'>nee</span> 
     </span>
     <span class='ocr_line' id='line_1_23' title="bbox 127 2856 1198 2952; baseline 0.003 -17"><span class='ocrx_word' id='word_1_177' title='bbox 127 2859 235 2935; x_wconf 84' lang='lat' dir='ltr'>Deus</span> <span class='ocrx_word' id='word_1_178' title='bbox 250 2859 460 2951; x_wconf 80' lang='lat' dir='ltr'>adoptivus,</span> <span class='ocrx_word' id='word_1_179' title='bbox 487 2879 556 2930; x_wconf 91' lang='lat' dir='ltr'>nec</span> <span class='ocrx_word' id='word_1_180' title='bbox 569 2856 669 2930; x_wconf 90' lang='lat' dir='ltr'>Deus</span> <span class='ocrx_word' id='word_1_181' title='bbox 680 2874 1010 2952; x_wconf 85' lang='lat' dir='ltr'>connuncupatus,¹</span> <span class='ocrx_word' id='word_1_182' title='bbox 1024 2861 1083 2935; x_wconf 89' lang='lat' dir='ltr'>sed</span> <span class='ocrx_word' id='word_1_183' title='bbox 1095 2863 1198 2939; x_wconf 84' lang='lat' dir='ltr'>Deus</span> 
     </span>
     <span class='ocr_line' id='line_1_24' title="bbox 129 2955 1200 3050; baseline 0.003 -21"><span class='ocrx_word' id='word_1_184' title='bbox 129 2981 256 3032; x_wconf 88' lang='lat' dir='ltr'>verus.</span> <span class='ocrx_word' id='word_1_185' title='bbox 308 2957 357 3031; x_wconf 86' lang='lat' dir='ltr'>Et</span> <span class='ocrx_word' id='word_1_186' title='bbox 373 2979 450 3032; x_wconf 91' lang='lat' dir='ltr'>non</span> <span class='ocrx_word' id='word_1_187' title='bbox 469 2955 608 3030; x_wconf 86' lang='lat' dir='ltr'>necelle</span> <span class='ocrx_word' id='word_1_188' title='bbox 626 2955 677 3030; x_wconf 90' lang='lat' dir='ltr'>est</span> <span class='ocrx_word' id='word_1_189' title='bbox 698 2956 828 3050; x_wconf 78' lang='lat' dir='ltr'>aliquid</span> <span class='ocrx_word' id='word_1_190' title='bbox 844 2982 864 3031; x_wconf 91' lang='lat' dir='ltr'>e</span> <span class='ocrx_word' id='word_1_191' title='bbox 881 2960 1023 3035; x_wconf 92' lang='lat' dir='ltr'>diverso</span> <span class='ocrx_word' id='word_1_192' title='bbox 1045 2963 1200 3037; x_wconf 90' lang='lat' dir='ltr'>demon.</span> 
     </span>
     <span class='ocr_line' id='line_1_25' title="bbox 129 3056 1200 3152; baseline 0.004 -17"><span class='ocrx_word' id='word_1_193' title='bbox 129 3059 266 3152; x_wconf 81' lang='lat' dir='ltr'>strare,</span> <span class='ocrx_word' id='word_1_194' title='bbox 294 3078 358 3151; x_wconf 87' lang='lat' dir='ltr'>per</span> <span class='ocrx_word' id='word_1_195' title='bbox 376 3056 473 3149; x_wconf 91' lang='lat' dir='ltr'>quod</span> <span class='ocrx_word' id='word_1_196' title='bbox 489 3077 565 3131; x_wconf 91' lang='lat' dir='ltr'>uon</span> <span class='ocrx_word' id='word_1_197' title='bbox 583 3059 625 3131; x_wconf 86' lang='lat' dir='ltr'>lrt</span> <span class='ocrx_word' id='word_1_198' title='bbox 644 3057 744 3130; x_wconf 84' lang='lat' dir='ltr'>Deus</span> <span class='ocrx_word' id='word_1_199' title='bbox 766 3079 894 3133; x_wconf 90' lang='lat' dir='ltr'>verus:</span> <span class='ocrx_word' id='word_1_200' title='bbox 921 3063 1005 3135; x_wconf 93' lang='lat' dir='ltr'>mihi</span> <span class='ocrx_word' id='word_1_201' title='bbox 1022 3065 1115 3138; x_wconf 90' lang='lat' dir='ltr'>enim</span> <span class='ocrx_word' id='word_1_202' title='bbox 1128 3063 1200 3139; x_wconf 84' lang='lat' dir='ltr'>suf-</span> 
     </span>
     <span class='ocr_line' id='line_1_26' title="bbox 127 3157 1197 3259; baseline 0.005 -27"><span class='ocrx_word' id='word_1_203' title='bbox 127 3157 209 3233; x_wconf 87' lang='lat' dir='ltr'>ficit</span> <span class='ocrx_word' id='word_1_204' title='bbox 225 3161 259 3231; x_wconf 90' lang='lat' dir='ltr'>in</span> <span class='ocrx_word' id='word_1_205' title='bbox 274 3181 321 3231; x_wconf 91' lang='lat' dir='ltr'>eo</span> <span class='ocrx_word' id='word_1_206' title='bbox 335 3158 407 3230; x_wconf 90' lang='lat' dir='ltr'>Dei</span> <span class='ocrx_word' id='word_1_207' title='bbox 422 3179 570 3247; x_wconf 85' lang='lat' dir='ltr'>nomen,</span> <span class='ocrx_word' id='word_1_208' title='bbox 596 3173 704 3250; x_wconf 86' lang='lat' dir='ltr'>atque</span> <span class='ocrx_word' id='word_1_209' title='bbox 720 3158 855 3233; x_wconf 82' lang='lat' dir='ltr'>natura.</span> <span class='ocrx_word' id='word_1_210' title='bbox 907 3159 1007 3234; x_wconf 90' lang='lat' dir='ltr'>Deus</span> <span class='ocrx_word' id='word_1_211' title='bbox 1025 3164 1118 3237; x_wconf 92' lang='lat' dir='ltr'>enim</span> <span class='ocrx_word' id='word_1_212' title='bbox 1130 3163 1197 3259; x_wconf 87' lang='lat' dir='ltr'>est,</span> 
     </span>
     <span class='ocr_line' id='line_1_27' title="bbox 132 3256 1197 3354; baseline 0.008 -23"><span class='ocrx_word' id='word_1_213' title='bbox 132 3280 198 3352; x_wconf 89' lang='lat' dir='ltr'>per</span> <span class='ocrx_word' id='word_1_214' title='bbox 221 3280 325 3349; x_wconf 89' lang='lat' dir='ltr'>quem</span> <span class='ocrx_word' id='word_1_215' title='bbox 342 3256 526 3331; x_wconf 69' lang='lat' dir='ltr'>factasunt</span> <span class='ocrx_word' id='word_1_216' title='bbox 542 3260 672 3336; x_wconf 85' lang='lat' dir='ltr'>omnia.</span> <span class='ocrx_word' id='word_1_217' title='bbox 724 3257 809 3331; x_wconf 90' lang='lat' dir='ltr'>Hoc</span> <span class='ocrx_word' id='word_1_218' title='bbox 822 3259 907 3332; x_wconf 91' lang='lat' dir='ltr'>mihi</span> <span class='ocrx_word' id='word_1_219' title='bbox 926 3261 972 3334; x_wconf 91' lang='lat' dir='ltr'>de</span> <span class='ocrx_word' id='word_1_220' title='bbox 991 3281 1038 3335; x_wconf 92' lang='lat' dir='ltr'>eo</span> <span class='ocrx_word' id='word_1_221' title='bbox 1057 3267 1197 3354; x_wconf 81' lang='lat' dir='ltr'>creatio</span> 
     </span>
     <span class='ocr_line' id='line_1_28' title="bbox 133 3355 1197 3458; baseline 0.004 -24"><span class='ocrx_word' id='word_1_222' title='bbox 133 3361 256 3434; x_wconf 91' lang='lat' dir='ltr'>mundi</span> <span class='ocrx_word' id='word_1_223' title='bbox 279 3362 406 3431; x_wconf 85' lang='lat' dir='ltr'>locuta</span> <span class='ocrx_word' id='word_1_224' title='bbox 434 3357 494 3440; x_wconf 82' lang='lat' dir='ltr'>est.</span> <span class='ocrx_word' id='word_1_225' title='bbox 545 3355 761 3449; x_wconf 81' lang='lat' dir='ltr'>Exaequatur</span> <span class='ocrx_word' id='word_1_226' title='bbox 788 3358 889 3431; x_wconf 88' lang='lat' dir='ltr'>Deus</span> <span class='ocrx_word' id='word_1_227' title='bbox 917 3360 1003 3434; x_wconf 87' lang='lat' dir='ltr'>Deo</span> <span class='ocrx_word' id='word_1_228' title='bbox 1027 3367 1197 3458; x_wconf 82' lang='lat' dir='ltr'>nomine,</span> 
     </span>
     <span class='ocr_line' id='line_1_29' title="bbox 134 3457 1198 3556; baseline 0.008 -25"><span class='ocrx_word' id='word_1_229' title='bbox 134 3476 331 3550; x_wconf 83' lang='lat' dir='ltr'>exequatur</span> <span class='ocrx_word' id='word_1_230' title='bbox 356 3460 500 3530; x_wconf 85' lang='lat' dir='ltr'>veritati</span> <span class='ocrx_word' id='word_1_231' title='bbox 519 3460 653 3530; x_wconf 89' lang='lat' dir='ltr'>veritas</span> <span class='ocrx_word' id='word_1_232' title='bbox 670 3480 794 3551; x_wconf 88' lang='lat' dir='ltr'>opere.</span> <span class='ocrx_word' id='word_1_233' title='bbox 846 3457 900 3530; x_wconf 89' lang='lat' dir='ltr'>Ut</span> <span class='ocrx_word' id='word_1_234' title='bbox 916 3457 1127 3556; x_wconf 75' lang='lat' dir='ltr'>significatio</span> <span class='ocrx_word' id='word_1_235' title='bbox 1146 3465 1198 3539; x_wconf 91' lang='lat' dir='ltr'>est</span> 
     </span>
     <span class='ocr_line' id='line_1_30' title="bbox 133 3556 1199 3655; baseline 0.01 -27"><span class='ocrx_word' id='word_1_236' title='bbox 133 3557 206 3642; x_wconf 88' lang='lat' dir='ltr'>Dei</span> <span class='ocrx_word' id='word_1_237' title='bbox 225 3561 387 3649; x_wconf 90' lang='lat' dir='ltr'>potentis</span> <span class='ocrx_word' id='word_1_238' title='bbox 402 3560 439 3630; x_wconf 93' lang='lat' dir='ltr'>in</span> <span class='ocrx_word' id='word_1_239' title='bbox 457 3556 574 3649; x_wconf 74' lang='lat' dir='ltr'>ditio,</span> <span class='ocrx_word' id='word_1_240' title='bbox 601 3558 650 3630; x_wconf 84' lang='lat' dir='ltr'>ita</span> <span class='ocrx_word' id='word_1_241' title='bbox 664 3558 900 3653; x_wconf 75' lang='lat' dir='ltr'>intelligentia</span> <span class='ocrx_word' id='word_1_242' title='bbox 917 3559 968 3632; x_wconf 88' lang='lat' dir='ltr'>eli</span> <span class='ocrx_word' id='word_1_243' title='bbox 982 3561 1051 3634; x_wconf 89' lang='lat' dir='ltr'>Dei</span> <span class='ocrx_word' id='word_1_244' title='bbox 1069 3580 1199 3655; x_wconf 90' lang='lat' dir='ltr'>poten·</span> 
     </span>
     <span class='ocr_line' id='line_1_31' title="bbox 134 3654 1199 3750; baseline 0.012 -23"><span class='ocrx_word' id='word_1_245' title='bbox 134 3657 183 3727; x_wconf 89' lang='lat' dir='ltr'>tis</span> <span class='ocrx_word' id='word_1_246' title='bbox 206 3658 368 3730; x_wconf 77' lang='lat' dir='ltr'>inlatio.</span> <span class='ocrx_word' id='word_1_247' title='bbox 419 3654 468 3728; x_wconf 82' lang='lat' dir='ltr'>Et</span> <span class='ocrx_word' id='word_1_248' title='bbox 493 3657 573 3748; x_wconf 91' lang='lat' dir='ltr'>post</span> <span class='ocrx_word' id='word_1_249' title='bbox 591 3677 734 3750; x_wconf 75' lang='lat' dir='ltr'>quero,</span> <span class='ocrx_word' id='word_1_250' title='bbox 768 3658 806 3729; x_wconf 94' lang='lat' dir='ltr'>in</span> <span class='ocrx_word' id='word_1_251' title='bbox 827 3658 938 3731; x_wconf 87' lang='lat' dir='ltr'>Patris</span> <span class='ocrx_word' id='word_1_252' title='bbox 956 3659 989 3734; x_wconf 89' lang='lat' dir='ltr'>dt</span> <span class='ocrx_word' id='word_1_253' title='bbox 1007 3658 1086 3734; x_wconf 83' lang='lat' dir='ltr'>Filii</span> <span class='ocrx_word' id='word_1_254' title='bbox 1109 3684 1199 3740; x_wconf 89' lang='lat' dir='ltr'>con·</span> 
     </span>
     <span class='ocr_line' id='line_1_32' title="bbox 132 3754 1197 3859; baseline 0.003 -28"><span class='ocrx_word' id='word_1_255' title='bbox 132 3754 308 3851; x_wconf 79' lang='lat' dir='ltr'>sessione,</span> <span class='ocrx_word' id='word_1_256' title='bbox 344 3779 414 3848; x_wconf 91' lang='lat' dir='ltr'>qua</span> <span class='ocrx_word' id='word_1_257' title='bbox 435 3756 648 3829; x_wconf 80' lang='lat' dir='ltr'>aution&#39;tate</span> <span class='ocrx_word' id='word_1_258' title='bbox 670 3772 806 3829; x_wconf 85' lang='lat' dir='ltr'>naturae</span> <span class='ocrx_word' id='word_1_259' title='bbox 823 3761 956 3831; x_wconf 87' lang='lat' dir='ltr'>veritas</span> <span class='ocrx_word' id='word_1_260' title='bbox 977 3760 1197 3859; x_wconf 82' lang='lat' dir='ltr'>denegetur,</span> 
     </span>
     <span class='ocr_line' id='line_1_33' title="bbox 133 3855 1198 3954; baseline 0.008 -29"><span class='ocrx_word' id='word_1_261' title='bbox 133 3876 240 3950; x_wconf 90' lang='lat' dir='ltr'>quam</span> <span class='ocrx_word' id='word_1_262' title='bbox 263 3855 431 3927; x_wconf 85' lang='lat' dir='ltr'>&amp;virtus</span> <span class='ocrx_word' id='word_1_263' title='bbox 454 3857 624 3938; x_wconf 81' lang='lat' dir='ltr'>nominis,</span> <span class='ocrx_word' id='word_1_264' title='bbox 651 3855 683 3928; x_wconf 69' lang='grc' dir='ltr'>ἃ</span> <span class='ocrx_word' id='word_1_265' title='bbox 706 3878 838 3930; x_wconf 92' lang='lat' dir='ltr'>nornen</span> <span class='ocrx_word' id='word_1_266' title='bbox 863 3859 1004 3932; x_wconf 88' lang='lat' dir='ltr'>virtutis</span> <span class='ocrx_word' id='word_1_267' title='bbox 1020 3864 1198 3954; x_wconf 84' lang='lat' dir='ltr'>implevit.</span> 
     </span>
     <span class='ocr_line' id='line_1_34' title="bbox 210 3955 1199 4053; baseline 0.011 -28"><span class='ocrx_word' id='word_1_268' title='bbox 210 3959 246 4029; x_wconf 88' lang='lat'>6.</span> <span class='ocrx_word' id='word_1_269' title='bbox 271 3955 472 4030; x_wconf 81' lang='lat' dir='ltr'>Meminille</span> <span class='ocrx_word' id='word_1_270' title='bbox 497 3969 616 4031; x_wconf 86' lang='lat' dir='ltr'>autem</span> <span class='ocrx_word' id='word_1_271' title='bbox 629 3957 809 4052; x_wconf 86' lang='lat' dir='ltr'>legentem</span> <span class='ocrx_word' id='word_1_272' title='bbox 828 3975 999 4053; x_wconf 87' lang='lat' dir='ltr'>oportet,</span> <span class='ocrx_word' id='word_1_273' title='bbox 1037 3984 1114 4034; x_wconf 91' lang='lat' dir='ltr'>non</span> <span class='ocrx_word' id='word_1_274' title='bbox 1139 3985 1199 4037; x_wconf 92' lang='lat' dir='ltr'>me</span> 
     </span>
     <span class='ocr_line' id='line_1_35' title="bbox 133 4057 1202 4154; baseline 0.005 -24"><span class='ocrx_word' id='word_1_275' title='bbox 133 4057 402 4147; x_wconf 86' lang='lat' dir='ltr'>immemorem,</span> <span class='ocrx_word' id='word_1_276' title='bbox 439 4072 501 4130; x_wconf 87' lang='lat' dir='ltr'>aut</span> <span class='ocrx_word' id='word_1_277' title='bbox 515 4057 733 4131; x_wconf 88' lang='lat' dir='ltr'>diffidentem</span> <span class='ocrx_word' id='word_1_278' title='bbox 747 4079 885 4141; x_wconf 86' lang='lat' dir='ltr'>earum,</span> <span class='ocrx_word' id='word_1_279' title='bbox 911 4081 989 4154; x_wconf 83' lang='lat' dir='ltr'>quae</span> <span class='ocrx_word' id='word_1_280' title='bbox 1010 4062 1121 4152; x_wconf 88' lang='lat' dir='ltr'>objici</span> <span class='ocrx_word' id='word_1_281' title='bbox 1144 4060 1202 4135; x_wconf 81' lang='lat' dir='ltr'>so-</span> 
     </span>
     <span class='ocr_line' id='line_1_36' title="bbox 132 4155 1201 4254; baseline 0.006 -26"><span class='ocrx_word' id='word_1_282' title='bbox 132 4158 246 4251; x_wconf 87' lang='lat' dir='ltr'>leant,</span> <span class='ocrx_word' id='word_1_283' title='bbox 273 4155 519 4249; x_wconf 87' lang='lat' dir='ltr'>quaestionum‚</span> <span class='ocrx_word' id='word_1_284' title='bbox 546 4158 591 4230; x_wconf 92' lang='lat' dir='ltr'>de</span> <span class='ocrx_word' id='word_1_285' title='bbox 607 4158 660 4232; x_wconf 87' lang='lat' dir='ltr'>his</span> <span class='ocrx_word' id='word_1_286' title='bbox 676 4178 771 4232; x_wconf 93' lang='lat' dir='ltr'>nunc</span> <span class='ocrx_word' id='word_1_287' title='bbox 782 4172 913 4235; x_wconf 83' lang='lat' dir='ltr'>tacere.</span> <span class='ocrx_word' id='word_1_288' title='bbox 963 4157 1201 4254; x_wconf 89' lang='lat' dir='ltr'>Nequeenim</span> 
     </span>
     <span class='ocr_line' id='line_1_37' title="bbox 131 4255 1221 4362; baseline 0.005 -35"><span class='ocrx_word' id='word_1_289' title='bbox 131 4255 230 4348; x_wconf 74' lang='lat' dir='ltr'>hoc,</span> <span class='ocrx_word' id='word_1_290' title='bbox 268 4256 367 4347; x_wconf 88' lang='lat' dir='ltr'>quod</span> <span class='ocrx_word' id='word_1_291' title='bbox 391 4255 459 4328; x_wconf 91' lang='lat' dir='ltr'>dici</span> <span class='ocrx_word' id='word_1_292' title='bbox 482 4255 591 4334; x_wconf 85' lang='lat' dir='ltr'>solet:</span> <span class='ocrx_word' id='word_1_293' title='bbox 632 4261 729 4335; x_wconf 79' lang='lat' dir='ltr'>Pater</span> <span class='ocrx_word' id='word_1_294' title='bbox 745 4264 903 4357; x_wconf 75' lang='lat' dir='ltr'>majorne</span> <span class='ocrx_word' id='word_1_295' title='bbox 916 4259 980 4362; x_wconf 70' lang='lat' dir='ltr'>esi,</span> <span class='ocrx_word' id='word_1_296' title='bbox 1013 4261 1051 4334; x_wconf 74' lang='lat' dir='ltr'>u</span> <span class='ocrx_word' id='word_1_297' title='bbox 1070 4276 1221 4348; x_wconf 59' lang='lat' dir='ltr'>catere</span> 
     </span>
     <span class='ocr_line' id='line_1_38' title="bbox 184 4351 1196 4462; baseline 0.001 -28"><span class='ocrx_word' id='word_1_298' title='bbox 184 4351 511 4462; x_wconf 53' lang='lat' dir='ltr'>§.stuatosum</span> <span class='ocrx_word' id='word_1_299' title='bbox 753 4357 797 4453; x_wconf 68' lang='lat' dir='ltr'>H</span> <span class='ocrx_word' id='word_1_300' title='bbox 1044 4360 1196 4454; x_wconf 43' lang='lat' dir='ltr'>illique„</span> 
     </span>
    </p>
   </div>
   <div class='ocr_carea' id='block_1_3' title="bbox 0 0 1377 4959">
    <p class='ocr_par' dir='ltr' id='par_1_3' title="bbox 0 0 1377 4959">
     <span class='ocr_line' id='line_1_39' title="bbox 0 0 1377 4959; baseline 0 0"><span class='ocrx_word' id='word_1_301' title='bbox 0 0 1377 4959; x_wconf 95' lang='lat' dir='ltr'> </span> 
     </span>
    </p>
   </div>
  </div>
 </body>
</html>
