2742 4959
340 545 344 558 Ι

503 645 721 724 tanna
769 646 843 726 rv.
916 755 923 774 x
1158 671 1205 750 91

133 812 377 916 telligentiarn
395 810 502 894 etiam
514 832 634 886 rerum
643 812 811 905 operatio
821 807 1078 903 consequatur:
1103 810 1209 909 scrip-

139 933 225 993 tum
242 917 337 990 enim
353 914 404 985 ita
422 911 492 985 est:
521 914 569 984 Et
576 913 661 1006 fecit
682 919 771 984 naas
786 913 962 1001 homimem,
973 912 1028 982 *ad
1042 915 1210 1008 imaginent

143 1024 215 1092 Dea·
229 1016 312 1108 fecit
327 1038 406 1090 eam.
458 1015 615 1112 Quaero,
647 1011 674 1086 st
693 1013 875 1106 solitario,
910 1026 1018 1104 atque
1034 1011 1097 1105 ipsr
1112 1011 1156 1084 ad
1174 1012 1211 1086 se

142 1116 313 1206 eumdem
331 1113 401 1188 fuit
425 1109 568 1204 sermo,
596 1112 682 1204 quid
696 1113 754 1186 hic
771 1111 990 1186 sentiendum
1006 1110 1212 1188 existimes?

142 1215 273 1296 Video
284 1215 381 1290 enim
397 1235 493 1288 nunc
507 1214 723 1305 tripertitam
737 1209 1047 1308 significationem,
1074 1211 1108 1286 dr
1126 1211 1212 1287 faci·

141 1318 253 1409 entis,
279 1312 429 1407 urani,
457 1314 492 1386 da
509 1313 681 1407 exempli:
709 1315 782 1408 Qui
800 1309 911 1412 fastus
929 1312 993 1405 est,
1020 1311 1208 1402 homoest3

140 1417 248 1492 Deus
262 1430 382 1490 autem
401 1415 513 1502 fecit3
547 1412 705 1504 &quem
725 1411 834 1490 fecit,
869 1412 914 1485 ad
933 1413 1121 1510 imaginem
1140 1412 1213 1488 Dei

143 1517 246 1592 fecit.
297 1514 334 1589 Si
350 1514 395 1588 de
404 1512 565 1588 solitario
575 1511 723 1589 Genesis
734 1511 821 1585 ellet
830 1513 968 1606 locuta,
994 1512 1214 1587 dixiffetuti-

144 1639 233 1710 que:
263 1613 313 1688 Et
329 1614 420 1690 fecit
438 1614 482 1688 ad
501 1615 691 1711 imaginem
712 1611 818 1688 suam.
870 1610 940 1686 Sed
957 1611 1215 1692 sacramentum

144 1716 396 1812 evangelicum
419 1715 646 1808 annuntians,
672 1736 750 1788 non
768 1713 860 1788 duos
874 1711 992 1807 Dent,
1018 1712 1076 1788 sed
1092 1714 1214 1791 Deum

145 1816 183 1889 &
200 1817 317 1889 Deum
335 1819 482 1890 elocuta
499 1815 571 1908 est,
603 1836 685 1888 cum
704 1814 887 1888 hominem
907 1833 972 1905 per
992 1813 1109 1888 Deum
1126 1813 1214 1888 effe·

145 1916 243 1992 &um
259 1920 299 1986 ad
318 1920 485 2008 imaginem
501 1919 565 1986 Dm·
580 1912 679 1989 dicit.
733 1914 856 2004 Atque
871 1914 921 1984 ita
939 1912 1039 1985 Deus
1058 1915 1101 1986 ad
1115 1935 1215 1988 com·

142 2037 293 2090 munem
308 2014 370 2087 libi
387 2033 469 2085 cum
483 2012 569 2088 Deo
585 2012 795 2108 imaginem,
831 2027 938 2102 atque
954 2014 1112 2087 eamdem
1126 2013 1216 2087 simi·

143 2115 338 2190 litudinem
366 2112 548 2186 hominem
571 2114 748 2205 reperitur
760 2114 921 2203 operari:
948 2125 989 2183 ut
1005 2133 1074 2186 nec
1093 2111 1217 2186 solitu·

145 2214 242 2288 dinis
268 2213 538 2308 intelligentiam
566 2207 776 2308 fignificatio
810 2209 995 2286 efficientis
1028 2214 1216 2308 admittat,

147 2334 219 2388 nec
246 2313 444 2386 divinitatis
470 2312 712 2386 diversitatem
735 2310 779 2384 ad
794 2311 953 2385 eamdem
969 2311 1156 2414 imaginem
1173 2336 1216 2388 ac

147 2413 410 2489 fimilitudinem
430 2410 625 2488 constituta
642 2415 798 2506 patiatur
820 2414 1000 2505 operatio.

228 2535 284 2609 19.
309 2512 360 2586 Et
377 2531 586 2605 quamquam
607 2511 823 2605 superfluum
838 2511 919 2605 post
944 2514 1020 2584 lraec
1040 2511 1216 2586 existime-

148 2627 232 2706 tur,
256 2615 353 2686 ultra
369 2613 501 2704 aliquid
517 2610 668 2700 afferre3
703 2614 783 2703 quia
803 2612 841 2683 in
857 2611 988 2684 divinis
1008 2612 1115 2682 rebus
1134 2632 1213 2685 non

149 2713 374 2802 frequentius
395 2711 500 2804 ditia,
525 2708 585 2785 sed
600 2724 741 2783 tantum
760 2705 1054 2784 didlasufficiunt:
1081 2723 1216 2800 tamen,

150 2813 236 2903 quid
269 2812 315 2884 de
342 2810 417 2884 hoc
438 2810 570 2883 eodem
598 2807 727 2881 ditium
754 2808 819 2900 srt,
858 2804 1028 2901 cognosci
1053 2823 1217 2900 oportet,

147 2911 244 2986 Non
259 2912 354 2983 enim
368 2910 576 2990 divinorum
590 2905 788 2999 ditiorum,
815 2907 873 2981 sed
888 2907 1134 3004 intelligentia·
1151 2929 1218 2982 no-

148 3009 230 3085 strae
249 3032 268 3081 a
287 3008 395 3081 nobis
408 3009 505 3079 ratio
525 3006 720 3100 praestanda
736 3007 798 3083 est.
847 3006 950 3080 Deus
962 3004 1006 3082 ad
1018 3008 1107 3081 Noe
1122 3010 1218 3084 inter

151 3110 268 3186 multa
286 3108 452 3181 mandata
463 3108 515 3180 ita
527 3106 707 3199 loquitur:
734 3107 1221 3204 Quieffadarr‘rsangm‘nemlra·

151 3214 270 3296 minis,
301 3228 359 3304 pro
379 3207 532 3302 sanguim
553 3212 620 3305 ejus
640 3207 821 3299 effundetur
841 3211 1051 3305 animarjrtr3
1083 3216 1161 3307 qrrr'a
1176 3211 1219 3286 ad

152 3315 321 3403 imaginem
338 3308 479 3400 Brisari
493 3310 663 3392 homimem.
715 3307 834 3383 Etiam
851 3309 910 3382 hie
923 3308 1146 3408 distinguitur
1157 3333 1220 3384 ex·

152 3413 333 3505 emplum,
360 3429 477 3503 opua,
504 3429 673 3502 operans.
723 3407 826 3482 Deus
843 3407 993 3484 testatur
1012 3408 1046 3483 se
1070 3412 1114 3483 ad
1134 3412 1219 3485 ima·

152 3510 272 3606 ginem
295 3508 368 3583 Dei
393 3508 586 3584 hominem·
603 3505 736 3584 feciss‘e.
789 3505 880 3583 Cum
896 3508 1080 3583 faciendus
1101 3511 1217 3585 homo

152 3608 225 3700 est,
251 3610 333 3700 quia
346 3610 391 3683 de
407 3608 463 3704 se,
489 3607 665 3701 nequead
681 3607 716 3682 se
732 3610 965 3700 loquebatur,
990 3607 1222 3684 dixitada‘ma·

149 3714 255 3804 ginem
281 3709 436 3804 nostram:
476 3730 557 3782 cum
580 3722 702 3782 autem
730 3706 843 3782 fedius
872 3706 986 3782 homo
1016 3708 1084 3784 est:
1128 3715 1220 3783 Fecm

85 3835 89 3904 Ι
152 3813 246 3882 Dans
266 3808 421 3880 hominm
447 3811 489 3881 ad
516 3814 684 3902 imaginem
702 3813 778 3881 Dei.
839 3805 931 3882 Non
949 3808 1134 3906 ignoravit
1152 3811 1222 3883 uti·

85 3907 89 3954 Ι
155 3905 226 4000 'que
265 3907 369 3980 verbi
406 3911 688 4005 proprietatem,
733 3907 851 3981 srsrbi
883 3905 957 4002 ipse
984 3911 1220 4002 loqueretur,

154 4023 199 4082 ut
219 4007 373 4090 diceret:
407 4007 494 4082 Feci
511 4008 554 4082 ad
575 4008 765 4103 imaginem
783 4028 910 4086 meam.
962 4002 1116 4084 Dixerat
1127 4009 1223 4086 enim

157 4109 203 4184 ad
221 4105 532 4182 demonstrandam
555 4121 692 4182 nature
712 4109 903 4186 unitatem:
935 4113 1100 4182 Faciamus
1114 4111 1155 4180 ad
1167 4135 1222 4180 aa·

85 4207 90 4272 l
151 4207 264 4307 fleam.
317 4207 450 4298 Neque
474 4205 609 4283 rursum
636 4207 802 4282 confudit
826 4206 878 4296 de¹
899 4208 1059 4282 solitario
1084 4231 1125 4282 ac
1144 4230 1223 4284 non

85 4341 87 4358 ¹
156 4307 319 4386 solitario
340 4307 633 4404 intelligentiama
660 4329 741 4384 cunr
757 4308 941 4396 hominem
953 4307 1055 4382 Deus
1072 4310 1223 4406 facient,

157 4408 199 4483 ad
215 4414 381 4506 imaginem
400 4415 467 4483 Da
485 4405 626 4486 fecerit·
978 4430 1036 4488 20.
1063 4412 1178 4512 Quod
