2742 4959
85 184 1228 438 u

443 607 665 706 Lt'iu
714 621 812 704 v1t
871 613 946 626 ”
1089 637 1164 722 res

85 798 228 898 pinctus
249 789 292 892 ιβ
302 789 399 884 filius
416 791 481 862 Dei
497 793 538 862 in
556 793 686 864 uirtute
692 787 864 880 secundm
871 785 1027 886 spiritum
1033 791 1163 880 naut·-

85 897 276 993 ficatimis:
324 887 442 966 Cess'at
470 910 559 989 ergo
584 891 812 987 blasphemie
837 893 993 982 crimen,
1017 893 1160 988 ¹quod,

91 1017 176 1071 cunr
192 995 233 1070 irt
249 993 386 1084 horno,
412 991 532 1066 Deum
543 989 579 1064 se
598 989 725 1066 iaciat:
752 1011 833 1086 eum
849 989 923 1064 hoc
939 1011 1073 1078 nornen
1083 995 1162 1086 plu·

89 1095 188 1169 rimis
205 1091 276 1167 Dei
298 1088 414 1165 sermo
433 1091 624 1184 detulerit,
651 1087 962 1183 &sanfiificatus,
988 1090 1159 1182 rcrniffu'u¹

88 1218 110 1270 a
131 1193 236 1268 Patre
249 1192 338 1267 nihil
356 1191 451 1265 eliud
467 1189 523 1284 se,
549 1209 654 1283 quarn
669 1190 740 1263 Dei
758 1187 890 1284 fllium,
911 1190 954 1266 stt
967 1190 1157 1283 professus.-

167 1315 224 1382 ις.
250 1291 341 1366 Non
364 1289 416 1365 est
436 1288 600 1386 relittus,
625 1303 668 1363 ut
683 1291 858 1380 arbitror,
885 1291 1086 1466 ιωϋὶςεηάἱ
1105 1294 1161 1366 io·

89 1415 175 1488 cue,
202 1392 288 1487 quin
301 1392 346 1464 de
363 1404 490 1464 nutura
508 1390 709 1464 nativitatis
729 1387 859 1464 ditium
875 1389 935 1465 fit:
991 1416 1029 1486 go
1042 1392 1081 1472 σ
1098 1396 1160 1465 Pa·

88 1513 139 1568 ter
159 1517 259 1564 unum
274 1492 394 1581 sumus.
446 1489 543 1564 Nam
574 1511 656 1564 cum
687 1489 801 1590 Judaei
825 1509 863 1562 at
911 1485 1014 1564 issent
1038 1492 1159 1575 illumi

88 1587 501 1688 quodperhocditium,
527 1589 851 1686 honoipsecune
879 1601 932 1682 et,
959 1588 1163 1670 seseDeunr

88 1695 244 1769 faceret:
270 1688 452 1784 responsio
469 1691 545 1783 eius
558 1688 766 1785 confirmat,
791 1691 890 1783 quod
905 1689 976 1766 Dei
995 1687 1030 1764 se
1046 1687 1161 1772 filiunt

88 1792 243 1889 perid,
279 1790 379 1882 quod
400 1788 466 1887 Ego
488 1789 526 1868 U
551 1793 762 1864 Paternum
774 1789 905 1880 samur,
941 1787 1160 1884 ostenderit,

89 1893 244 1988 primum
261 1891 425 1984 nornine,
451 1889 581 1964 deinde
594 1905 735 1982 natura,
761 1887 945 1983 postremo
955 1891 1159 1969 nativitate.

90 1991 188 2068 Nam
203 2013 252 2084 ego
270 1987 310 2066 (¹7
329 1992 424 2061 Pam
437 2007 556 2064 rerurn
578 1989 727 2086 nomina
748 1985 846 2077 sunt;
871 2011 974 2060 unm
990 2009 1085 2066 vero
1098 2011 1160 2064 nn·¹

90 2107 184 2166 turae
199 2087 370 2185 proiessio
389 2087 454 2182 est,
479 2089 611 2181 quirin
628 2109 689 2182 eo,
715 2085 815 2182 quod
830 2085 895 2182 est,
920 2101 1162 2183 uterquenou

91 2188 257 2280 differat3
276 2189 390 2280 sumes
405 2203 524 2263 autern
538 2209 616 2262 non
630 2189 767 2286 patitur
782 2189 968 2265 unionem.
1020 2187 1071 2262 Et
1082 2191 1160 2286 ubi,
1211 2209 1221 2236 ·

92 2290 193 2384 quod
216 2289 447 2380 memsam,
473 2289 653 2364 unionon
670 2287 735 2382 est,
760 2307 949 2364 unumene
965 2287 1076 2365 efficit
1091 2289 1163 2368 eise

91 2391 276 2466 nativitas.
327 2387 414 2464 Hoc
439 2389 533 2464 enim
549 2382 670 2466 tutum
688 2409 735 2464 ex
752 2408 801 2463 eo
818 2387 892 2484 est,
918 2391 1017 2483 quod
1033 2391 1110 2467 Dei
1121 2389 1163 2466 ii.

92 2493 180 2568 lium
196 2486 430 2565 sanctificatus
450 2509 470 2563 t
487 2487 593 2563 Patre
610 2487 829 2585 profitetur,
854 2489 1072 2588 &proieffio
1091 2492 1164 2568 Dei

91 2589 157 2665 filii
177 2591 271 2674 hoc,
307 2590 405 2682 quod
432 2590 497 2684 Ego
512 2591 552 2666 tr
571 2593 668 2660 Pater
680 2611 779 2660 mum
795 2589 920 2676 snmus,
951 2587 1162 2670 confirmat:

92 2692 177 2782 quia
189 2691 360 2764 nativitas
376 2707 454 2762 non
468 2689 571 2764 aliern
584 2687 707 2782 potin,
733 2685 796 2760 nist
813 2707 907 2780 eam,
934 2707 980 2761 ex
999 2706 1068 2788 que
1086 2687 1165 2766 sub·

94 2787 203 2882 sistit,
229 2786 361 2862 afferre
378 2800 552 2862 naturam.

174 2890 231 2962 26.
259 2884 533 2959 Consummavit
550 2899 670 2959 autern
686 2885 801 2957 totius
815 2881 899 2958 fidei
912 2883 1044 2959 nostru
1056 2884 1167 2964 saera·

93 3002 256 3064 mentum
271 2985 447 3082 unigeniti
463 2983 536 3060 Dei
555 2982 683 3062 sermo.
735 2983 904 3079 Nunque
917 3005 1000 3063 curn
1018 2985 1165 3082 respon·

94 3086 170 3161 sum
192 3085 236 3159 ad
252 3085 289 3160 id
306 3081 446 3178 initiet,
482 3082 625 3180 curse,
660 3105 742 3160 curn
760 3085 874 3163 homo
895 3083 1004 3183 ess'et,
1042 3087 1166 3170 Deum

94 3189 254 3275 faceret3
280 3199 322 3258 ut
337 3182 586 3260 distumiiiud:
615 3187 679 3280 Ego
692 3185 733 3264 U
746 3187 1075 3284 Parermmfirmus,
1102 3197 1163 3265 ab·

94 3286 221 3361 solutae
235 3285 269 3359 ἀ
284 3282 450 3380 perfeiiae
459 3287 706 3384 intelligentie
722 3285 884 3360 ordinem
893 3285 1060 3384 sumeret,
1085 3287 1164 3366 haec

93 3386 362 3480 consequenter
384 3382 554 3479 subjecit:
592 3391 658 3461 Vos
678 3389 805 3474 dicitis,
831 3393 909 3484 qnia
925 3387 1163 3486 blasphemavi,

91 3491 340 3584 quoniamdixir
363 3486 474 3559 Iulius
488 3487 646 3577 Deisum,
696 3489 738 3558 Si
754 3509 821 3558 non
827 3486 918 3579 facio
928 3508 1019 3584 opera
1034 3491 1161 3588 Patris,

94 3587 197 3657 nolite
211 3589 331 3660 credere
345 3587 446 3657 miii:
467 3586 495 3682 ss
508 3603 615 3671 aretem
622 3585 726 3682 facio,
752 3584 792 3662 U
810 3585 893 3665 miii
903 3611 970 3660 non
979 3589 1085 3660 vultis
1096 3614 1164 3664 cre·

95 3687 188 3777 dere,
208 3687 351 3782 operibus
366 3687 502 3773 creditu
525 3685 700 3775 arseium,
726 3683 766 3763 (5
784 3683 988 3780 cognoscatis,
1011 3695 1165 3788 quonium

98 3789 198 3860 Pater
215 3783 337 3874 inme,
363 3783 403 3861 U
423 3811 473 3874 ero
490 3789 530 3858 in
545 3809 588 3858 eo.
637 3784 789 3861 infrenis
807 3785 961 3862 audacie
975 3787 1026 3862 est
1043 3788 1166 3885 despe-

95 3898 175 3960 rata
189 3883 262 3975 jarn
278 3905 344 3979 per
354 3873 611 3960 conscientiam
625 3882 731 3978 salus,
757 3885 909 3962 &extra
923 3888 1100 3986 puriorem
1114 3888 1166 3965 est

95 3980 253 4082 profetia
265 3985 382 4060 omnis
394 3985 570 4082 inpietas.
619 3983 715 4060 Nam
724 3985 796 4079 jtm
811 3988 890 4081 quie
905 4007 974 4062 nec
988 3986 1168 4064 erubescit

95 4084 275 4180 stultitiae,
298 4084 530 4180 ubipurdidit
543 4085 774 4184 religionem:
799 4087 853 4164 his
873 4088 968 4163 enirn
985 4088 1167 4162 contradi·

96 4205 194 4268 cere,
222 4185 376 4260 amentia
389 4187 529 4283 potius,
554 4207 660 4279 quarn
672 4187 857 4287 ignoratio
867 4186 929 4262 est.
981 4187 1163 4264 Dominus

94 4283 254 4364 dixerat:
280 4284 348 4385 Eg·
366 4283 408 4368 it
431 4289 530 4364 Patet
541 4311 647 4363 nm
658 4291 793 4385 sunm,
813 4287 1178 4364 muniuntueeu-

982 4405 1158 4462 trumen-
