2742 4959
200 655 312 713 cxxx-
530 619 572 717 '8.
622 639 930 716 Hruanrr

204 800 249 876 ad
273 795 448 895 Magnum
477 799 635 894 explicat
666 800 721 874 his
752 803 904 884 ¹uerbis:
950 802 1094 885 „Brevi
1125 803 1276 903 libello,

206 939 313 1014 quem
338 917 470 1013 scripfit
495 933 624 995 contra
642 920 862 996 Dioscorurn
885 921 1093 1016 Medicum,
1126 928 1212 1018 quid
1237 929 1278 1002 in

200 1041 332 1117 litteris
347 1035 478 1133 posset,
504 1036 671 1115 ostendit.
680 1040 710 1082 “
759 1045 902 1145 Quibus
917 1043 941 1118 sr
957 1043 1147 1138 addideris,
1174 1049 1277 1139 quod

202 1163 250 1238 de
274 1159 425 1252 Salustio
455 1175 577 1234 narrat
600 1160 860 1236 Theodoretus
893 1161 954 1236 lib.
978 1163 1037 1237 lis.
1064 1163 1140 1239 hist.
1168 1163 1275 1247 teet.

203 1295 236 1357 c.
272 1299 332 1355 11.
366 1273 474 1371 euni,
516 1279 701 1356 ethnicum
732 1281 848 1375 licet,
891 1261 1067 1371 lulianum
1099 1296 1219 1359 tamen
1254 1310 1277 1362 a

202 1400 405 1478 cruciandis
437 1395 676 1493 Christianis,
719 1416 890 1492 quantum
924 1404 961 1477 in
995 1400 1029 1475 se
1061 1417 1166 1498 erat,
1213 1406 1276 1482 de·

199 1520 386 1613 terruisse,
412 1539 456 1594 ac
481 1520 625 1595 taudem
650 1520 725 1595 hot
749 1521 782 1595 ei
806 1534 906 1617 arte,
932 1523 967 1596 te
992 1523 1161 1596 industria
1186 1548 1272 1620 per.

199 1639 366 1733 suasisse,
406 1640 507 1733 quod
535 1641 689 1736 primum
722 1637 845 1715 verbis
878 1661 955 1715 non
986 1645 1182 1734 valuerat3
1218 1646 1272 1720 sa·

199 1763 270 1837 cile
296 1759 514 1854 assentieris,
557 1760 656 1834 hunc
679 1760 811 1840 librum
837 1764 981 1837 minime
1005 1762 1270 1845 inscribendum

115 1927 120 1942 ·
197 1881 271 1960 effe
300 1883 453 1975 aduersas
483 1881 690 1980 nuruum,
722 1895 773 1954 ut
802 1882 840 1956 in
871 1884 1026 1976 vulgatis
1048 1883 1271 1980 Hieronymi

199 2005 375 2097 obtinet,
423 1999 483 2077 sed
507 2014 549 2074 ut
574 2003 614 2076 in
635 2002 833 2096 exemplari
859 2000 1004 2096 Corbej.
1032 2004 1161 2079 litteris
1186 2008 1271 2084 Me-

196 2124 427 2220 rov'ingicia,
468 2122 511 2194 ad
533 2121 737 2218 Salustium
777 2120 822 2196 ad
854 2141 960 2213 quern
985 2135 1027 2194 ut
1052 2138 1179 2198 natura
1204 2130 1270 2202 mi·

196 2259 272 2318 tem
306 2242 340 2315 tr
372 2243 566 2316 humanum
598 2238 804 2335 confugerit
828 2239 985 2313 Hilarius
1010 2243 1178 2319 adversus
1205 2269 1270 2323 ne·

195 2351 344 2457 quitiam
381 2359 585 2452 Dioscuri,
636 2358 697 2450 qui
731 2357 880 2432 forfitan
918 2351 1100 2434 crudelior
1133 2366 1266 2461 Juliani

191 2480 282 2577 jussa
306 2479 517 2578 propensius
543 2491 826 2569 exequeretur.ae
854 2478 951 2553 Hinc
977 2501 1123 2574 quoque
1149 2483 1268 2561 confi·

195 2603 326 2696 citur,
374 2599 529 2674 eundem
567 2598 730 2674 libeiium
763 2598 907 2694 Juliano
941 2622 1061 2678 tetum
1095 2607 1265 2698 potiente

193 2724 365 2821 scripturn
390 2720 472 2798 esse.

296 2866 332 2932 ς.
359 2840 416 2917 Ex
440 2844 534 2918 libro
561 2838 812 2933 mysteriorum
837 2839 925 2916 nihil
951 2843 1058 2917 nobis
1084 2844 1262 2945 superest,

190 2963 257 3038 nisu
288 2965 414 3033 titulus
447 2963 490 3033 ab
515 2959 748 3055 Hieronymo
773 2964 959 3038 indicatus.
1034 2962 1158 3038 Fuerit
1182 2966 1260 3040 sor-

192 3081 255 3157 san
281 3079 408 3154 officiis
434 3078 675 3153 ecclesrasticis
700 3079 894 3155 immixtus.
950 3081 1025 3153 Usu
1051 3102 1168 3161 autem
1197 3111 1262 3163 ve·

190 3206 273 3294 nit,
315 3215 358 3274 ut
391 3219 471 3273 curn
505 3193 709 3270 officiorum
729 3189 1059 3273 ecclesiasticorum
1089 3203 1262 3285 solemnia

188 3319 306 3396 indier
330 3331 547 3418 augeantur,
580 3317 674 3391 illius
700 3338 834 3420 nomen
860 3320 921 3394 diu
945 3322 1103 3396 retinere
1126 3345 1261 3415 neque-

191 3453 285 3532 ant,
334 3461 353 3512 a
387 3459 461 3531 quo
494 3437 660 3512 ordinata
692 3437 798 3532 suut,
843 3436 902 3513 sed
936 3436 1128 3530 Ecclesrae,
1180 3466 1259 3535 quae

189 3581 262 3655 pro
287 3562 514 3654 temporib'ua
539 3580 582 3634 ac
604 3560 698 3634 ioois
725 3577 788 3652 per
813 3555 895 3636 suos
922 3558 1054 3655 ungula
1078 3560 1258 3661 disponit,

189 3696 396 3773 temperat,
436 3676 607 3776 perficit,
649 3661 988 3773 proptiaevadant.
1062 3681 1178 3775 Hujus
1203 3691 1258 3764 rei

140 3843 145 3854 ·
189 3804 333 3878 celebre
358 3802 561 3894 exemplum
586 3797 727 3895 prestat
739 3797 908 3896 Gregorii
932 3797 1256 3902 sacramentarium,

91 3997 93 4001 .
187 3923 288 4017 quod
320 3924 359 3996 in
381 3917 462 3994 usus
487 3918 570 3996 suos
594 3920 645 3998 ita
668 3916 992 3996 accommodarunt
1017 3921 1159 4021 fingular
1187 3924 1255 3999 Ec·

189 4044 331 4136 clesrae,
378 4054 419 4113 ut
452 4040 515 4111 vix
550 4059 660 4113 unum
692 4039 849 4132 reperiat
883 4045 1101 4141 exemplar,
1153 4048 1252 4138 quod

188 4165 371 4263 Gregorio
395 4157 593 4238 adscribere
616 4178 663 4236 ex
688 4155 804 4235 solido
832 4159 965 4235 adeas.
1055 4169 1057 4176 '

1053 4408 1088 4483 6.
1119 4404 1206 4482 Hoc
