2742 4959
145 647 222 718 vur
314 632 351 714 S.
374 635 595 737 blarru,
618 639 812 721 Prcrau.
838 636 1056 722 Errscorr

127 818 130 824 ·
147 800 288 898 utinnrp
304 819 378 894 prae
393 803 510 878 oculis
522 801 700 880 haberent
714 805 917 899 continuo,
943 809 1004 898 qui
1018 803 1221 904 Theologl·

149 920 424 1030 catrailantlll
449 919 610 1000 Tantum
628 924 739 1010 abest,
763 940 807 1002 ut
823 924 1219 1022 prodidill'everitatem

150 1041 225 1124 rliei
246 1043 373 1137 polit:
411 1045 508 1119 viam
531 1046 655 1138 potius
678 1047 717 1120 in
737 1045 875 1122 animos
896 1045 1097 1122 diffidenter
1119 1047 1153 1120 ei
1170 1043 1221 1122 ia·

152 1163 260 1239 rilem
280 1165 434 1261 paravit.
496 1163 538 1238 ld
558 1163 680 1240 saltem
706 1164 759 1242 est
781 1165 997 1250 consecutur
1012 1165 1082 1242 hac
1096 1163 1224 1262 agendi

152 1285 301 1360 ratione
313 1283 493 1378 Hilarius,
518 1298 562 1360 ut
575 1283 780 1362 Orientalea
795 1287 1057 1364 benevolentia
1072 1286 1149 1379 eius
1168 1303 1224 1356 ca·

154 1405 233 1507 pti,
271 1402 358 1478 &in
373 1402 506 1480 horum
529 1407 678 1504 gratiam
699 1407 783 1482 flexi
797 1406 865 1482 lint
885 1405 992 1485 Galli.
1049 1405 1105 1482 illi
1126 1401 1224 1486 Coum

154 1521 392 1619 stuntinopoli
418 1526 464 1599 ab
492 1523 678 1602 Anomaeia
702 1526 825 1622 inique
847 1525 960 1603 babiti
985 1523 1029 1602 rd
1049 1523 1224 1604 Hilarium

156 1646 254 1724 adeo
269 1643 401 1722 summa
418 1665 501 1720 cum
515 1641 649 1723 fiducia
665 1647 920 1746 confugerint,
943 1668 1064 1742 neque
1080 1649 1131 1722 eir
1143 1643 1224 1720 ami·

156 1787 223 1844 car
237 1769 377 1842 litterar
395 1769 590 1842 abnuerint
605 1767 701 1844 Galli
715 1767 852 1844 Parilis
867 1767 1090 1868 congregati.

156 1959 159 1964 .
235 1889 395 1966 Hilarius
408 1900 573 1982 quartum
584 1887 657 1980 jrnr
665 1889 762 1964 exilii
770 1910 900 1966 annum
909 1891 947 1966 in
955 1889 1110 1988 Phrygia
1122 1907 1224 1986 ageru

157 2011 259 2088 inter
276 2009 437 2102 reliquos
451 2003 655 2104 Episcopus
668 2007 842 2085 Seleucia
862 2007 977 2086 adesse
988 2008 1224 2105 compellitur⁴

160 2133 254 2230 Quo
268 2127 525 2224 ubiperuenit,
549 2131 752 2224 „omnium
777 2165 830 2184 -
853 2129 1156 2228 inquitSulpicius
1178 2161 1224 2222 -τ

153 2255 203 2342 'in
221 2251 257 2330 se
275 2243 414 2326 animoa
429 2245 593 2324 &studia
607 2265 856 2328 converterat
904 2247 964 2326 Ac
977 2254 1126 2346 primum
1140 2269 1224 2343 qua

156 2372 269 2454 litum
290 2372 335 2450 ab
360 2389 430 2466 eo,
469 2390 548 2464 que
569 2369 660 2448 effer
678 2369 866 2446 Gallorum
881 2366 999 2444 fidaei
1041 2370 1137 2472 Quia
1154 2382 1224 2448 tuu

161 2477 308 2570 Arianis
323 2511 437 2585 prava
451 2490 497 2564 de
510 2487 554 2566 iis
570 2491 818 2592 vulgantibus,
844 2487 990 2586 suspeffi
1005 2492 1049 2566 ab
1065 2488 1224 2566 Oriente

158 2613 260 2696 libua
271 2612 497 2690 habebantur
514 2612 737 2710 trionymam
753 2609 901 2686 solitarii
909 2611 981 2687 Dei
996 2613 1169 2686 unionem
1184 2607 1224 2683 se

162 2733 326 2812 cundum
347 2729 541 2810 Sabellium
560 2729 756 2809 credidille.
814 2730 886 2808 Sed
905 2730 1068 2827 expofita
1086 2727 1158 2806 fide
1175 2728 1224 2808 sur

159 2856 354 2960 juxtaea,
391 2873 470 2948 qum
489 2849 625 2931 Nicea
654 2863 758 2930 erant
782 2873 804 2928 a
826 2852 987 2948 patribus
1010 2847 1215 2945 conscripta

165 2965 467 3050 occidentalibus
484 2972 667 3066 perbibuit
686 2971 941 3050 testimonium.
991 2970 1045 3048 lta
1064 2969 1224 3054 absoluti

163 3095 330 3172 omnium
344 3091 469 3168 animis
482 3091 580 3164 intra
593 3089 1143 3192 conscientirmcommunionir,
1168 3115 1224 3168 ner

163 3237 246 3326 non
262 3215 369 3290 etiam
387 3213 425 3290 in
441 3209 654 3290 societatem
670 3227 855 3308 receptio,
882 3213 1115 3306 concilioque
1130 3210 1224 3292 adsci

165 3348 230 3414 ms
245 3335 309 3413 esp
323 3333 353 3377 ‘C

90 3499 94 3504 -
241 3457 284 3533 ln
311 3475 359 3530 eo
376 3449 556 3540 ‚Concilio
581 3474 658 3530 non
683 3453 757 3530 fine
781 3453 919 3554 ingenti
946 3427 1078 3529 dolore
1098 3465 1224 3532 trntun

164 3577 461 3674 blasphemorum
476 3574 635 3669 reperit,
667 3587 840 3672 quantum
859 3571 1074 3650 Constantio
1096 3574 1224 3670 placue

154 3713 238 3796 rat.
287 3695 343 3771 Ut
361 3709 481 3770 tamen
497 3696 659 3790 pluribus
678 3694 883 3792 prodellet,
909 3693 1125 3770 &dolorem
1138 3692 1224 3776 suuu

164 3815 448 3910 gliffimulandum
465 3813 697 3896 &affabilem
717 3817 885 3893 omnibus
902 3813 973 3890 sese
994 3814 1224 3894 exhibendum

167 3935 242 4016 ess'e
264 3935 491 4014 existimauit.
541 3936 691 4012 interim
714 3958 793 4030 quae
815 3936 1096 4030 uniuscujusque
1122 3933 1212 4014 fider

165 4079 249 4158 qum
268 4055 382 4134 studia
403 4055 538 4150 essent,
565 4054 755 4156 diligenter
771 4057 997 4154 explorabat.
1047 4054 1108 4130 Aa
1120 4055 1224 4152 primr

167 4179 313 4276 quidem
329 4174 514 4272 consellu,
541 4175 601 4268 qui
624 4197 722 4253 anno
739 4196 822 4277 359.
842 4174 902 4252 die
914 4198 972 4270 ay.
985 4173 1166 4272 Septemb.
1179 4171 1224 4250 br

165 4298 265 4378 biuu
293 4293 375 4395 est,
406 4317 489 4376 cum
514 4308 589 4378 tren
605 4298 643 4374 in
663 4312 786 4400 parter
805 4293 990 4377 seceuuet
1009 4292 1216 4374 Concilium

435 4435 440 4442 ·
1063 4413 1192 4518 depre-
