2742 4959
197 666 273 740 174
360 645 367 664 “
399 643 439 722 S.
468 645 665 720 Hrurrrrr
697 665 756 720 or
783 645 1060 722 Tururrrrn

193 807 355 903 veniiie,
382 828 451 902 per
475 807 553 882 hoe
569 805 714 904 indigna
732 810 879 900 optimae
894 809 999 904 hujus
1015 809 1270 908 intelligentia

194 908 316 999 sensu,
342 923 516 982 creature
532 911 656 1001 potius
671 908 885 1001 adoptivum
903 926 1053 1003 nomen,
1083 931 1188 1004 quam
1202 937 1268 990 ve-

194 1029 276 1085 rum
291 1007 405 1084 filiurn
421 1005 493 1082 Dei
508 1005 626 1103 Jesum
642 1007 820 1082 Christum
834 1008 906 1082 effe
920 1009 1093 1102 conferta,
1119 1016 1267 1106 quibus·

194 1131 278 1186 narn
300 1113 374 1184 hoc
388 1125 601 1182 arcanorum
616 1109 868 1200 mysteriorum
885 1103 1028 1184 secretis
1049 1107 1178 1186 edocta
1198 1108 1266 1189 es!

194 1213 269 1287 Vel
296 1213 373 1304 quis
391 1209 501 1283 hodie
517 1227 639 1281 novus
655 1210 760 1302 hujus
777 1209 931 1283 scientiae
952 1227 1022 1284 tuae
1039 1211 1165 1287 metor
1185 1213 1265 1290 est?

194 1314 303 1386 Anne
329 1309 470 1382 secreto
490 1309 558 1382 tibi
580 1310 655 1382 hoc
675 1329 740 1403 per
761 1308 1034 1385 familiaritatem
1056 1317 1189 1387 amoris
1208 1333 1266 1390 re·

195 1412 381 1486 cumbenti
403 1412 442 1483 in
460 1405 584 1502 petius
603 1406 701 1484 suum
717 1407 895 1484 Dominus
908 1410 1092 1485 ostendit?
1117 1417 1194 1486 Aut
1207 1409 1266 1488 so·

194 1512 252 1587 lus
272 1510 316 1584 ad
335 1527 480 1586 crucem
499 1509 664 1602 sequens,
690 1509 785 1584 inter
802 1521 932 1584 caetere
951 1506 1174 1606 suscipiende
1190 1511 1261 1588 tibi

193 1613 233 1687 in
253 1623 402 1685 matrem
419 1609 546 1683 Mario
565 1625 769 1704 precepta,
802 1613 878 1685 haec
894 1629 1042 1703 quoque
1054 1614 1090 1687 in
1106 1611 1164 1686 iile
1180 1609 1262 1710 spe·

193 1709 293 1788 ciniis
313 1711 351 1785 in
374 1724 412 1782 te
432 1712 564 1784 amoris
580 1707 847 1784 contestatione
860 1709 1038 1785 didicisti?
1065 1713 1137 1788 Vei
1153 1713 1196 1787 ad
1212 1706 1232 1787 s
1249 1751 1265 1775 .

125 1849 130 1860 ι
193 1815 360 1909 pulcrum
374 1810 475 1906 prior
491 1829 639 1904 quoque
652 1809 764 1883 Petro
776 1828 923 1885 currens
935 1812 1085 1909 adeptus¹
1096 1812 1160 1887 esi
1187 1813 1262 1890 Vei

194 1917 291 1987 intra
319 1903 498 1984 conseffus
513 1911 765 2006 Angelorum,
799 1909 1064 2009 &ignatorum
1085 1911 1263 1991 librorum

191 2013 402 2088 insolubiles
417 2029 548 2101 nexus,
574 2011 609 2082 or
623 2007 802 2106 srgnorum
820 2011 1007 2086 celestium
1019 2009 1262 2090 multiformes

193 2113 416 2212 potestates,
443 2110 697 2203 innovatum,
723 2127 831 2206 atque
849 2114 1263 2206 incomprehensibilium

193 2210 576 2303 cantionumhynmos
590 2210 838 2306 sempiternos,
866 2225 937 2288 tam
954 2215 1012 2307 pia
1027 2216 1093 2288 tibi
1108 2216 1183 2289 haec
1197 2231 1265 2309 per

192 2313 340 2409 Agnum
361 2311 488 2382 ducem
508 2312 669 2383 revelata
688 2311 850 2384 dostrina
867 2312 940 2404 est,
969 2335 1015 2387 ne
1033 2315 1136 2390 Pater
1157 2331 1265 2408 pater

194 2416 257 2506 fit,
284 2434 332 2485 ne
347 2409 458 2484 Filius
475 2405 567 2480 filius
585 2409 650 2500 srt,
676 2427 724 2483 ne
747 2423 874 2483 natura
894 2429 1020 2486 natura
1037 2411 1095 2501 srt,
1121 2435 1168 2487 ne
1195 2439 1262 2491 ve.

191 2517 278 2588 ritas
297 2512 433 2586 veritas
446 2507 513 2582 fit?
551 2509 638 2581 Hec
657 2511 749 2583 enirn
772 2510 865 2602 apud
883 2526 921 2584 re
941 2517 1061 2587 omnia
1076 2515 1262 2592 demutan-

191 2630 253 2708 tur
273 2616 309 2686 in
333 2611 428 2686 falsa.
479 2608 678 2702 Apostolus
704 2604 867 2683 concessa
886 2611 948 2685 fibi
969 2614 1107 2707 optima
1130 2618 1262 2691 intelli

192 2717 451 2813 gentiaverum
463 2708 533 2784 Dei
550 2707 662 2786 filium
678 2711 781 2785 dicit:
807 2726 847 2784 tu
864 2712 1011 2788 affirmas
1022 2718 1261 2811 creationem,

192 2833 234 2890 tu
255 2815 424 2908 praedicas
444 2811 700 2903 adoptionem,
736 2826 776 2884 tu
793 2833 900 2910 negas
918 2818 1156 2892 nativitatem.
1209 2818 1260 2892 Et

192 2938 274 2990 cum
292 2916 350 2988 hic
366 2933 472 2987 verus
492 2911 561 2983 Dei
577 2905 669 2984 filius
686 2913 792 2986 nobis
810 2913 871 3006 sit,
900 2913 934 2986 ἀ
952 2918 1029 2988 vita
1045 2933 1196 3010 veterna,
1225 2921 1259 2992 δε

191 3014 428 3104 resurretii03
460 3033 528 3082 nec
547 3014 625 3084 vita
640 3027 772 3085 aeterna
788 3009 839 3086 est
856 3018 908 3102 ei,
936 3037 1005 3089 nec
1024 3018 1257 3112 resurreetio,

192 3119 250 3189 cui
267 3117 326 3188 iile
341 3134 416 3184 non
439 3127 547 3181 verus
568 3111 629 3184 est.
681 3109 817 3185 Ethaec
833 3115 973 3208 quidem
985 3119 1142 3215 Joannes
1159 3119 1259 3193 disci·

189 3217 296 3311 pulus
317 3235 336 3285 a
353 3210 516 3284 Domino
530 3209 689 3285 drreetus.

268 3337 326 3406 44.
354 3313 423 3383 Sed
442 3311 529 3382 nihil
546 3311 589 3382 ab
605 3312 657 3382 his
678 3311 835 3389 diffimile
848 3338 894 3387 ex
912 3316 1142 3410 persecutore
1154 3317 1258 3408 Apo·

188 3413 316 3509 stolus,
341 3411 660 3487 &Vaseleuionis
675 3414 894 3504 predicavit.
946 3418 1017 3516 Qui
1032 3415 1124 3487 enim
1140 3415 1257 3491 sermo

188 3517 264 3608 ejus
289 3537 366 3587 non
391 3511 453 3585 sub
476 3508 538 3586 filii
559 3516 781 3589 conieffione
795 3515 872 3587 est?
899 3518 988 3614 Quae
1006 3515 1155 3606 epistola
1177 3537 1258 3595 non

188 3617 235 3690 de
257 3614 480 3689 sacramento
498 3618 660 3688 ueritatis
677 3615 774 3688 istius
791 3630 906 3709 coepta
921 3610 999 3687 est?
1033 3616 1073 3687 in
1091 3639 1164 3707 quo
1189 3641 1258 3690 no·

187 3718 283 3792 rnine
304 3737 379 3789 non
397 3720 628 3811 proprietatis
648 3713 860 3811 significatio
877 3715 949 3786 est?
988 3714 1078 3788 Cum
1095 3722 1189 3791 enim
1208 3721 1258 3790 di.

191 3821 302 3890 citur:
343 3819 553 3886 [reconciliati
571 3820 682 3905 sumus
707 3823 773 3887 Deo
797 3839 853 3913 per
877 3832 1006 3888 mortem
1021 3821 1093 3907 filrr'
1111 3822 1183 3910 sur3
1220 3820 1256 3894 δε

189 3915 343 3991 rursum:
382 3923 468 3985 Deus
481 3917 588 4002 filium
601 3921 699 4012 suum
722 3919 805 4006 mifit
827 3924 864 3987 in
881 3918 1123 4014 fimilirudinem
1144 3928 1254 3990 cornis

185 4022 304 4117 peccati
312 4043 324 4102 3
358 4013 567 4089 &rursumt
605 4019 723 4089 Fidelis
747 4023 853 4104 Dens,
885 4037 1047 4117 perquem
1062 4029 1165 4090 vocari
1183 4022 1253 4112 esti!

189 4126 227 4188 r'n
245 4121 488 4188 communionem
501 4119 569 4203 filii
581 4122 668 4212 ejus:
696 4117 778 4208 quid
798 4118 856 4190 hic
877 4120 1126 4195 haeteticorurn
1149 4120 1251 4192 furto

186 4219 262 4293 loci
281 4215 439 4290 relietum
458 4213 535 4288 est?
561 4213 671 4291 Filius
689 4218 767 4289 suus
783 4217 852 4314 est,
880 4217 973 4294 filius
986 4220 1061 4315 ejus
1079 4221 1145 4293 est:
1171 4237 1255 4296 non

169 4319 335 4416 adoptio
363 4319 442 4418 ejus
469 4315 544 4420 est,
578 4339 658 4402 non
682 4333 846 4401 creatura
874 4323 951 4418 ejus
982 4323 1043 4399 est.
1100 4317 1255 4490 Npmen

1099 4433 1207 4495 nuu-
