2742 4959
486 590 705 672 Ltntn
753 591 822 674 IX.
929 577 934 582 ’
1120 610 1191 704 ¹8⁹

191 779 251 859 35.
276 756 378 862 Quid
395 775 505 850 nunc,
529 776 641 854 rogo,
666 755 824 832 stultinae
839 767 910 833 tuae
925 755 1025 836 sensu
1044 759 1199 841 Christo·
1256 843 1258 854 ,

140 867 296 957 ieputar,
322 859 504 950 haeretice,
530 869 572 930 ut
587 855 657 932 effe
674 859 862 948 credatur,
888 857 1099 954 &Christ0,
1126 867 1191 958 qui

140 959 236 1038 ritem
265 977 433 1035 eternam
455 957 606 1052 tribuit,
641 958 702 1052 qui
727 957 1024 1037 honorificandus
1046 964 1189 1041 aPatre

140 1066 264 1138 'atrern
288 1054 571 1148 honorificavit,
605 1058 666 1149 qui
680 1061 852 1134 mundum
870 1061 980 1154 vicit,
1012 1066 1071 1156 qui
1090 1061 1188 1141 solur

140 1160 374 1255 elinquendur
389 1180 466 1232 non
487 1156 582 1230 saltu
599 1156 672 1249 est,
700 1156 758 1233 sed
774 1156 891 1236 secum
907 1162 1017 1236 hahet
1033 1162 1190 1258 Patrem,

140 1265 183 1358 [ui
201 1283 220 1336 a
241 1266 318 1336 Deo
348 1260 489 1350 exivit,
516 1272 624 1349 atque
642 1279 662 1330 a
681 1255 787 1332 Patre
808 1260 937 1334 veniri
975 1255 1075 1359 Quid
1096 1267 1127 1338 ei
1148 1265 1190 1342 in

140 1365 231 1436 antis
249 1363 310 1434 Dei
327 1359 525 1432 virtutibus
539 1373 628 1432 nato
641 1371 792 1451 naturae,
817 1379 860 1432 tc
878 1359 1043 1437 veritatis
1057 1363 1188 1458 imper.

139 1461 216 1537 ies?
240 1461 366 1535 Solum
385 1459 479 1532 enim
497 1477 623 1532 verum
636 1459 748 1532 neum
764 1474 901 1550 patrem
923 1462 1098 1536 inutiliter
1111 1465 1190 1541 cres

140 1566 255 1654 imus,
289 1557 352 1632 nist
370 1559 555 1632 credamus
570 1556 605 1630 dt
621 1577 727 1650 quem
747 1559 839 1633 misit
857 1557 976 1656 Jesum
995 1559 1190 1644 Christum

140 1665 220 1763 inid
243 1656 384 1736 heresi
424 1657 521 1832 (guid
540 1654 701 1731 Christus
729 1655 960 1733 confitendus
979 1661 1041 1744 fir,
1078 1663 1192 1744 doce.·

140 1765 215 1836 iam
236 1763 319 1852 qui,
344 1779 421 1852 quae
451 1760 567 1852 cripta
583 1755 684 1848 sunt,
710 1778 840 1856 negas,
866 1759 952 1850 quid
972 1760 1094 1853 restat,
1122 1765 1189 1842 nist

140 1879 179 1938 ut,
207 1881 284 1952 quae
304 1879 381 1931 non
401 1855 529 1952 scripta
548 1855 651 1947 sunt,
678 1857 832 1931 credas?
857 1857 892 1930 Ο
909 1858 1035 1934 infelix
1054 1863 1189 1938 volun·

140 1984 189 2048 as,
215 1958 411 2034 &veritati
430 1959 599 2031 obnitens
614 1957 762 2030 falsitas!
790 1954 880 2031 Cum
893 1955 1024 2051 infide,
1052 1961 1189 2039 decon-

140 2063 266 2136 essione
280 2059 359 2132 veri
374 2060 437 2131 Dei
453 2058 563 2151 patria
581 2053 740 2130 Christus
751 2057 872 2129 unitus
888 2057 951 2148 eii,
978 2078 1088 2156 rogo,
1115 2083 1191 2153 qut·

140 2165 191 2235 ide
214 2179 323 2233 verus
346 2162 438 2231 Deus
463 2171 613 2254 negatur
642 2172 806 2229 creatura
823 2155 894 2230 eise
913 2157 1074 2247 dicetur,
1101 2182 1188 2242 cum

140 2261 325 2333 ideanuiia
349 2257 451 2333 sitin
475 2256 588 2332 solum
613 2275 742 2330 verum
770 2260 882 2330 Deum
905 2257 1091 2335 credidiffe
1112 2261 1189 2339 i'rne

140 2357 291 2435 {hristoi
326 2357 395 2432 Sed
418 2355 601 2454 angustum
618 2370 677 2448 te,
703 2355 895 2449 haeretice,
922 2357 1085 2433 &divini
1108 2359 1189 2455 Spi-

140 2464 207 2533 itus
226 2461 453 2552 incapacem,
481 2455 670 2531 caeiestium
690 2454 866 2530 diiiorum
879 2477 955 2530 non
971 2461 1045 2530 adit
1056 2458 1189 2538 sensus:

140 2584 154 2631 t
173 2562 325 2652 vipereo
346 2557 533 2649 inspiratus
550 2576 698 2648 errore,
732 2555 909 2629 Christum
929 2577 1055 2632 uerum
1075 2563 1189 2640 Deum

140 2660 231 2732 reseis
250 2662 287 2730 in
303 2655 375 2730 fide
387 2657 496 2730 solius
513 2659 593 2729 veri
608 2656 671 2728 Dei
689 2654 733 2727 ad
752 2656 835 2730 vitae
850 2657 1087 2732 aeterniratem
1098 2675 1189 2736 con·

140 2758 348 2949 'tetgddlfnged
367 2851 535 2927 Ecclesia
549 2847 638 2925 fides
653 2848 768 2924 solum
786 2870 914 2927 verum
927 2809 1193 2948 licumpatrern

140 2954 292 3044 :onfeffa,
320 2949 760 3027 confiteturncuristum.
807 2948 1075 3045 Nequeverum
1088 2958 1192 3032 Chri·

140 3060 208 3131 ium
232 3060 343 3128 Deum
369 3049 604 3147 confitendo,
635 3071 714 3126 non
737 3049 771 3123 dt
798 3048 1056 3150 solumsirerum
1076 3059 1193 3138 Deum

140 3173 259 3234 mtrem
276 3149 493 3227 confitetur:
519 3173 638 3246 neque
649 3148 784 3243 rursum
801 3149 915 3226 solum
931 3175 1057 3230 verum
1076 3161 1197 3236 neum·

140 3273 258 3331 ›atrem
277 3251 448 3334 confessa,
472 3273 549 3326 non
564 3250 764 3327 confitetur
780 3250 814 3323 dt
831 3251 1020 3331 Chriihrm.
1042 3321 1045 3328 .
1070 3255 1138 3331 Per
1151 3259 1191 3334 id

140 3361 217 3433 mim
236 3353 412 3430 Christum
427 3350 711 3428 conterraneum
728 3371 854 3425 verum
870 3353 934 3446 est,
961 3356 1060 3448 quod
1074 3356 1191 3437 solum

140 3479 249 3539 rerum
267 3459 378 3531 Deum
389 3451 546 3528 confessa
555 3453 598 3526 srt
608 3451 760 3526 Patrem.
810 3451 1191 3543 Itaquodsolusiieue

140 3569 223 3628 mter
239 3563 330 3632 heun
345 3577 455 3630 verus
472 3552 545 3644 est,
584 3556 695 3628 Deum
712 3571 838 3624 verum
858 3550 927 3625 effe
943 3550 1135 3630 confirmat
1154 3558 1192 3632 dt

140 3654 312 3730 :hristum
340 3653 454 3728 .Non
468 3657 562 3728 enim
574 3653 763 3747 unigenito
783 3653 858 3724 Deo
878 3668 1012 3726 nature
1030 3654 1193 3731 demuta-

141 3759 263 3828 ionem
283 3756 453 3827 naturalis
482 3753 653 3828 nativitate
675 3752 813 3823 intulit:
854 3772 923 3826 hec
948 3756 1068 3845 quiex
1088 3755 1197 3829 subit«

140 3856 239 3927 iente
250 3852 914 3947 Deosecundumdivinngeneratiorrie
924 3868 1087 3928 naturam
1098 3859 1193 3930 Deua

140 3953 294 4044 irbsrstit,
314 3955 358 4026 ab
379 3975 441 4047 eo,
468 3957 527 4045 qui
545 3952 768 4027 solueretur
788 3953 961 4046 Deusest,
987 3951 1194 4048 separabilis

140 4055 175 4130 :st
191 4057 358 4127 ueritate
381 4068 526 4127 naturae.
578 4049 718 4126 Tenuit
740 4067 858 4126 eutem
883 4070 1009 4127 natura
1026 4056 1192 4130 veritatis

140 4157 190 4228 uae
209 4156 394 4246 ordinem,
420 4169 461 4226 ut
475 4152 674 4227 nativitatis
691 4151 883 4228 veritatem
898 4155 1033 4226 veritas
1051 4171 1194 4228 natura·

140 4255 168 4328 ie
189 4255 399 4348 inveheret,
427 4274 495 4327 nec
523 4255 667 4328 alteriue
688 4270 733 4328 ex
758 4252 791 4324 se
811 4254 951 4353 generis
968 4255 1080 4330 Deum
1099 4259 1194 4333 [deut

176 4357 216 4433 S.
247 4358 374 4440 Hilarii
400 4350 487 4438 iim.
515 4356 543 4458 l,
760 4348 797 4430 T
1047 4374 1143 4436 unut
