2742 4959
198 649 265 723 128
397 635 432 714 S.
464 639 659 716 Harant-1
690 661 747 716 ort
778 640 1061 719 Tarnrrarn·

201 873 205 880 .
274 823 333 896 27.
358 799 409 880 Er
424 815 465 877 ut
482 801 642 876 absoluta
653 803 894 900 intelligenda
913 808 1075 882 veritatis
1095 814 1191 886 ratio
1205 813 1299 914 ἧς

197 904 271 1002 ipsa
296 905 357 978 illa
383 925 430 978 ex
452 901 568 976 solido
588 903 777 997 propheta
801 904 891 978 dieta
905 905 1111 985 subdentur.
1168 917 1299 1012 Prop-

200 1025 287 1082 terea
298 1005 340 1104 fic
363 1007 443 1076 dicit
458 1006 658 1082 Dominura.
672 1002 771 1093 Ecce,
805 1009 1026 1103 perserviunt
1042 1012 1145 1107 mihi,
1172 1039 1299 1088 man-

199 1107 381 1191 ducabunn
416 1128 474 1176 vos
500 1129 578 1176 uero
601 1103 764 1195 esurietis:
795 1128 876 1199 ecce,
914 1110 1138 1205 perserviunt
1157 1119 1299 1210 mihi.

200 1210 327 1293 hibern
351 1230 410 1277 vos
428 1205 679 1300 aurtmfitr'err's:
705 1230 786 1297 ecce,
810 1212 867 1304 qui
875 1207 1030 1297 serviunt
1047 1215 1147 1301 milri,
1175 1218 1299 1290 exul..

200 1311 317 1384 tabrmt
334 1311 372 1376 r'n
384 1307 500 1378 latitia
509 1328 523 1392 ,·
546 1330 604 1378 vos
619 1322 724 1376 autem
731 1307 903 1378 clamabitis
910 1329 1040 1406 propter
1049 1315 1182 1384 dolorem
1195 1343 1288 1388 cor-

199 1412 250 1484 dis
266 1407 386 1505 varri,
409 1405 447 1483 ὅ
463 1432 483 1477 a
497 1406 762 1478 contribulatione
765 1407 904 1504 spiritus
916 1410 1094 1491 ululabitis.
1148 1420 1281 1489 Relin-

197 1515 302 1610 quetr's
324 1514 410 1580 enim
426 1532 483 1577 vas
496 1531 612 1578 nomen
629 1507 766 1605 ueflrum
782 1516 819 1577 in
832 1510 947 1581 latitia
961 1511 1065 1584 eleHr's
1080 1520 1176 1611 meis,
1206 1542 1282 1589 urs·

198 1625 305 1685 autem
323 1610 497 1702 interficiet
517 1612 688 1687 Dominus.
743 1612 966 1681 servientibus
980 1638 1057 1686 vero
1073 1617 1156 1686 milri
1170 1641 1266 1689 uoca-

198 1712 287 1785 bitur
297 1734 410 1781 nomen
423 1733 565 1797 nauum,
589 1711 670 1805 quod
681 1709 878 1782 benedicetur
888 1712 981 1809 super
996 1729 1136 1788 terram:
1164 1715 1202 1794 (t
1215 1719 1263 1791 be-

76 1847 77 1851 *
194 1813 344 1885 nedicunt
372 1817 475 1884 Deum
490 1833 622 1902 verum,
646 1809 705 1896 ὅ,
731 1814 914 1909 quijurant
923 1814 1021 1909 super
1038 1832 1183 1912 terrum,
1204 1823 1262 1916 ju·

198 1913 318 1988 rabum
338 1914 375 1981 in
401 1914 503 1982 Deum
520 1934 642 1986 verum.
690 1909 896 2003 Numquam
912 1936 987 1988 non
1006 1938 1051 1989 ex
1068 1918 1169 1991 causa
1186 1920 1260 2015 est,

122 2035 127 2050 ·
197 2034 282 2088 curn
297 2008 523 2090 consuetudo
537 2011 800 2101 praedicationis
813 2015 1016 2091 exceditur:
1042 2018 1261 2097 &rationem

99 2127 102 2132 ’
194 2112 373 2191 novitatis
400 2112 493 2185 ratio
523 2111 681 2185 falsrtatis
704 2112 853 2189 inducit.
917 2113 1008 2191 Cum
1031 2120 1125 2192 enirn
1156 2137 1262 2194 antea

196 2227 306 2298 tantae
327 2212 373 2285 de
386 2212 463 2282 Deo
482 2211 684 2305 prophetiae
703 2211 933 2308 exstitiss'ent,
961 2215 1052 2290 &ad
1068 2221 1131 2290 Dei
1152 2222 1262 2316 digni·

196 2329 309 2388 tatem
333 2332 375 2385 ac
395 2324 556 2384 naturam
579 2310 884 2396 demonstrandam
899 2315 1067 2406 srmpler'‚
1094 2317 1264 2395 &soram

197 2415 264 2490 Dei
280 2432 415 2485 nomen
430 2424 753 2486 commemoratum
775 2412 912 2498 fuiuet3
940 2418 1166 2503 quarendum
1188 2417 1263 2510 est,

200 2534 270 2608 qua
287 2514 430 2585 ratione
447 2532 543 2584 nunc
558 2531 621 2605 per
637 2510 771 2584 Esaiam
792 2512 1072 2586 benedicendum
1091 2520 1265 2588 Deumve-

197 2642 292 2707 rum,
326 2612 359 2686 ἄ
378 2612 567 2706 jurandum
589 2609 693 2704 super
714 2625 844 2686 terram
864 2618 902 2680 in
925 2618 1028 2686 Deum
1049 2641 1159 2686 verum
1175 2640 1263 2709 pro-

198 2714 329 2813 phetiae
343 2712 493 2806 Spiritus
508 2713 760 2805 praeloquatur.
809 2710 859 2784 Et
871 2713 1022 2804 primunr
1040 2717 1262 2795 noscendum

197 2819 277 2898 est,
316 2815 514 2888 sermonem
543 2812 639 2885 hunc
661 2832 717 2884 res
745 2810 856 2884 futuri
883 2818 1057 2906 temporis
1083 2822 1262 2893 nuntiare.

197 2918 248 3000 Et
264 2935 399 3010 quaero,
425 2935 469 2984 an
487 2915 578 2984 Deus
596 2933 704 2986 verus
726 2933 801 2985 non
818 2913 878 3000 stt,
902 2917 961 3007 qui
976 2932 1051 2990 tum
1070 2916 1262 2994 secundum

199 3022 410 3113 opinionem
422 3013 626 3104 Judaeorunr
643 3013 676 3085 ἃ
695 3014 992 3106 benedicebatur,
1020 3020 1261 3112 &jurabatun

197 3121 307 3209 Judaei
333 3133 485 3201 namque
512 3112 766 3186 sacramentum
787 3114 943 3205 mysterii
961 3121 1021 3191 Dei
1039 3121 1263 3211 nescientes,
1298 3135 1299 3156 ³

199 3222 235 3294 ot
255 3239 320 3313 per
334 3215 406 3287 hoc
426 3213 486 3284 Dei
505 3209 615 3283 filiurn
628 3214 852 3306 ignorantes,
880 3221 990 3289 Deum
1007 3235 1157 3308 tanturn,
1184 3240 1263 3293 non

199 3322 234 3395 &
262 3320 402 3392 Patrem
431 3314 706 3388 venerabantur.
771 3314 867 3389 Nam
894 3319 1018 3408 utique
1044 3334 1264 3392 venerantes

198 3423 353 3508 Patrem,
380 3427 642 3489 venerarentur
656 3413 690 3486 &
704 3412 845 3491 Filium.
897 3418 945 3490 Hi
965 3437 1050 3509 ergo
1071 3419 1179 3486 Deurn
1199 3419 1264 3490 be·

119 3534 120 3537 ‘
198 3522 434 3611 nedicebant,
461 3515 674 3607 &jurabant
688 3536 753 3611 per
771 3538 864 3593 eum.
915 3515 985 3587 Sed
1002 3516 1181 3608 propheta
1199 3522 1262 3593 be-

196 3621 435 3700 nedicendum
453 3609 554 3689 Deum
569 3644 681 3689 utrum
692 3616 853 3711 testatur,
878 3642 989 3689 verum
1006 3621 1105 3686 Deam
1121 3616 1261 3692 idcirco

194 3722 463 3821 pronuntians,
501 3720 581 3811 quia
606 3740 671 3812 per
700 3719 904 3813 mysterium
928 3716 1062 3789 affirmti
1091 3719 1261 3810 corporis

190 3848 275 3902 non
298 3824 341 3894 ab
369 3821 534 3893 omnibus
557 3818 644 3893 effer
664 3823 700 3893 in
716 3841 763 3895 eo
782 3820 844 3890 Dei
868 3821 1000 3889 veritas
1016 3819 1260 3915 intelligenda.

196 3925 247 4001 Et
262 3946 353 4017 opus
369 3921 437 3992 fuit
459 3922 538 3993 veri
556 3917 847 4004 confirmatione,
874 3919 935 3990 ubi
955 3918 1025 3998 falfi
1041 3934 1261 4011 proruptura

195 4025 284 4102 esset
307 4021 460 4096 assertio.
512 4019 561 4092 Et
583 4022 732 4116 nugulas
759 4015 935 4093 dictorum
962 4022 1168 4094 eorumdem
1185 4016 1262 4102 senff

195 4130 326 4203 tentias
342 4119 597 4197 recenseamus.

271 4237 327 4308 28.
358 4228 523 4318 Propterea
534 4223 581 4318 fic
599 4222 679 4291 dicit
699 4222 877 4295 Dominus:
911 4220 1008 4309 Ecce,
1034 4221 1262 4318 perserviunt

175 4332 280 4423 rurba,
305 4324 572 4418 manducabam
596 4345 741 4401 vesunt
756 4323 921 4416 esurietis:
945 4349 1017 4416 ecre,
1043 4326 1097 4421 qui
1106 4323 1262 4493 scrzfant

1111 4447 1156 4493 nu
1180 4450 1218 4515 r,
