2742 4959
467 597 853 771 drarnxs.
949 603 951 608 Ι
1044 645 1047 652 ’
1144 655 1270 750 4ος’

150 821 278 913 sumet,
304 831 408 893 extra
421 833 528 909 quem
544 812 721 890 nihilests
746 811 848 890 Nihil
863 814 1060 909 rutenico,
1082 825 1125 887 ut
1133 812 1219 890 sem·

150 942 216 1020 per
237 921 291 995 srt.
313 971 316 986 .
343 915 392 989 Et
412 917 471 1009 qui
486 912 560 1010 ipse
573 913 711 1011 semper
732 912 804 1008 est,
838 913 993 988 &extra
1007 909 1113 1008 quem
1129 915 1218 990 nihil

150 1022 216 1113 est,
240 1040 313 1114 quo
326 1017 553 1098 incremento
563 1013 762 1109 explendus
774 1011 840 1109 est,
865 1015 928 1090 vel
937 1036 1012 1108 quo
1020 1019 1216 1111 ¹augmento

150 1120 385 1195 demutandus
412 1115 482 1208 est,
521 1114 665 1189 dicens:
702 1116 876 1214 Ego-saur,
909 1117 948 1192 σ
967 1118 1216 1201 nondemuror5

150 1242 231 1295 cum
249 1239 326 1291 non
343 1218 565 1309 relinquatur
578 1216 642 1288 vei
660 1215 703 1287 ad
714 1214 996 1290 demutationem
1010 1217 1128 1310 locus,
1153 1216 1219 1289 vel

150 1320 194 1395 ad
213 1316 413 1414 profertum
430 1314 545 1407 causa,
572 1315 634 1388 vel
650 1314 694 1392 ad
708 1314 943 1390 aeternitatem
952 1316 1126 1408 anterius,
1152 1313 1217 1389 vel

150 1419 194 1506 ad
219 1422 338 1492 Deum
365 1415 482 1509 aliud,
517 1428 774 1509 praeterquam
791 1414 895 1488 Deua
915 1411 989 1511 ipse
1007 1412 1085 1489 esti
1122 1413 1215 1488 Non

150 1540 238 1616 ergo
259 1539 324 1614 per
342 1514 596 1608 subjectionem
610 1513 689 1589 Filii
709 1513 810 1589 Deus
829 1515 898 1588 erit
915 1514 1037 1590 omnia
1049 1514 1085 1588 in
1100 1513 1217 1589 omni·

150 1621 236 1696 bus:
261 1637 379 1709 neque
402 1634 467 1709 per
486 1612 625 1690 causam
642 1613 966 1708 consummabitur,
991 1635 1038 1687 ex
1054 1635 1152 1708 quo,
1179 1612 1215 1687 dc

150 1737 347 1816 perquem,
374 1713 408 1788 u
425 1716 520 1789 intra
533 1734 639 1807 quem
653 1715 770 1789 omnis
789 1712 891 1788 causa
905 1713 1083 1790 c'onsrstat
1132 1712 1214 1787 Ma·

150 1834 211 1893 net
227 1819 368 1908 itaque,
406 1830 448 1887 ut
468 1813 519 1888 est
535 1811 672 1910 semper
688 1803 814 1907 Deua,
838 1834 908 1888 nec
922 1811 1090 1908 profectu
1105 1824 1213 1911 eget,

150 1920 207 2013 qui
230 1915 345 2005 adid,
373 1915 472 2006 quod
492 1912 564 2008 est,
591 1936 636 1988 ex
652 1912 689 1988 se
704 1935 746 1989 ac
760 1914 831 1989 srbi·
843 1912 980 2009 semper
999 1911 1061 1991 est.

220 2024 279 2105 48.
307 2012 376 2088 Sed
391 2035 439 2087 ne
448 2016 485 2086 in
500 2014 723 2110 unigenitum
738 2013 880 2108 quidem
894 2013 1012 2088 Deum
1026 2012 1212 2088 demutan-

150 2114 198 2189 dae
221 2128 357 2187 naturae
385 2113 482 2187 cadit
509 2113 703 2189 necessitas.
753 2113 857 2189 Deua
881 2113 977 2188 enim
1000 2110 1071 2198 est,
1110 2111 1212 2205 quod

150 2215 261 2308 plenae
291 2235 333 2290 ac
359 2210 526 2308 perfetta
547 2213 747 2288 divinitatis
778 2211 829 2288 est
852 2232 999 2289 nomen.
1050 2210 1146 2288 Nam
1168 2225 1212 2287 ut

150 2312 304 2407 superius
321 2312 529 2406 docuimus,
555 2312 591 2387 ἀ
608 2315 772 2408 repetitae
784 2314 908 2410 gloriae
921 2308 1146 2410 significatio,
1161 2310 1210 2386 dt

150 2410 371 2506 scabiedionis
389 2409 492 2486 causa
510 2410 576 2508 est,
600 2426 644 2486 ut
664 2412 708 2488 dt
727 2411 826 2488 Deua
841 2415 964 2489 omnia
975 2413 1013 2488 in
1027 2413 1213 2489 omnibue

150 2510 226 2587 Esse
250 2529 368 2588 autern
395 2511 513 2587 Deum
536 2511 657 2588 omnia
675 2513 713 2587 in
736 2514 927 2606 omnibus,
952 2511 1210 2614 sacramentum

150 2612 215 2707 est,
246 2635 322 2688 non
339 2613 533 2687 necessitas.
583 2611 626 2686 In
642 2611 761 2686 forma
776 2615 872 2689 enim
891 2613 961 2687 Dei
974 2634 1122 2686 manens
1136 2612 1210 2686 ior·

150 2735 235 2787 mam
250 2713 342 2787 servi
359 2710 545 2806 assumpsit,
570 2731 648 2784 non
662 2711 881 2804 demutatus,
907 2710 965 2784 sed
978 2710 1014 2784 se
1027 2711 1209 2803 ipsumex·

150 2812 327 2903 inaniens,
352 2811 385 2881 &
400 2811 493 2884 intra
508 2808 695 2903 feletem,
721 2808 864 2885 &intra
874 2809 971 2884 suam
984 2808 1060 2904 ipse
1076 2819 1210 2884 tractre·¹

150 2908 252 2982 satius
271 2906 487 3003 potestatem
496 2925 514 2981 ι’
541 2908 626 2981 durn
644 2907 680 2984 se
698 2927 813 3001 usque
835 2909 880 2986 ad
899 2909 1051 2986 sormam
1074 2923 1222 3004 temper

150 3024 199 3081 tat
220 3009 362 3082 habitur
380 3007 545 3102 humani,
579 3027 627 3082 ne
641 3020 832 3101 potentem
853 3006 1128 3102 immensamque
1146 3031 1209 3084 na·

150 3126 258 3183 :uram
285 3106 439 3182 assumto
462 3106 671 3183 humilitatir
690 3129 769 3182 non
784 3107 900 3183 ferret
914 3105 1121 3199 infirmitae3
1148 3108 1209 3185 sed

150 3215 179 3282 in
204 3221 343 3282 tantum
360 3206 395 3280 se
413 3210 529 3280 virtue
547 3206 851 3301 incircumscripte
867 3208 1138 3303 moderaretur,
1167 3210 1208 3284 in

150 3319 315 3401 quantum
341 3321 514 3403 oporteat
536 3327 614 3384 eam
634 3308 809 3400 usquead
824 3309 1032 3401 patientiam
1050 3308 1209 3384 connexi

150 3409 202 3483 ibi
229 3409 397 3504 corporis
422 3405 585 3484 obedire.
647 3407 762 3506 Quod
783 3421 904 3483 autem
923 3407 961 3483 se
980 3407 1093 3506 ipsum
1113 3409 1208 3486 intra

150 3508 178 3583 se
201 3508 453 3583 vacuefaciens
476 3507 679 3582 continuit:
714 3508 967 3585 detrimentum
991 3529 1075 3583 non.
1086 3510 1208 3583 attulit

150 3606 331 3702 potestati3
359 3628 441 3683 cum
452 3607 548 3681 intra
562 3607 655 3683 hanc
665 3607 902 3682 exinanientis
910 3607 946 3682 se
957 3608 1209 3705 humilitatem,

150 3708 281 3879 riiraetute
308 3722 428 3784 tamen
455 3708 574 3783 omnia
596 3708 786 3783 exinanita
810 3708 908 3784 intra
925 3706 962 3784 se
980 3707 1062 3782 usur
1080 3707 1123 3783 fit
1141 3728 1209 3804 po·

150 3819 180 3880 :e
212 3808 290 3883 atio.

150 3900 786 4100 nindttirttiidddn‘f‘
804 3906 1213 4105 addititii

150 4109 180 4180 in
206 4105 321 4182 forma
338 4104 433 4197 Dei,
473 4118 639 4201 repertur
662 4104 715 4181 est
728 4107 767 4184 in
783 4107 1032 4200 formaservi,
1071 4103 1209 4180 rursum

150 4200 373 4282 confitendus
390 4206 494 4282 estin
513 4205 628 4304 gioria
646 4205 719 4281 Dei
736 4209 869 4310 patriar
892 4221 1025 4281 utnon
1042 4206 1209 4300 ambigue

150 4311 181 4384 dr
198 4305 275 4407 ejua
291 4304 411 4390 sormt
424 4325 572 4388 manens
587 4306 825 4479 ingelligatur,
847 4308 887 4387 iu
898 4307 999 4406 cuiue
1010 4306 1081 4383 etit
1091 4303 1209 4482 {ism

655 4422 680 4483 c
702 4428 727 4505 3
1042 4425 1089 4483 co
1144 4447 1159 4466 ·
