<?xml version="1.0" encoding="UTF-8"?>
<!DOCTYPE html PUBLIC "-//W3C//DTD XHTML 1.0 Transitional//EN"
    "http://www.w3.org/TR/xhtml1/DTD/xhtml1-transitional.dtd">
<html xmlns="http://www.w3.org/1999/xhtml" xml:lang="en" lang="en">
 <head>
  <title>
</title>
<meta http-equiv="Content-Type" content="text/html;charset=utf-8" />
  <meta name='ocr-system' content='tesseract 3.04.00' />
  <meta name='ocr-capabilities' content='ocr_page ocr_carea ocr_par ocr_line ocrx_word'/>
</head>
<body>
  <div class='ocr_page' id='page_1' title='image "./operaomniasanct00librgoog/operaomniasanct00librgoog_0390.png"; bbox 0 0 2742 4959; ppageno 0'>
   <div class='ocr_carea' id='block_1_1' title="bbox 174 649 1045 742">
    <p class='ocr_par' dir='ltr' id='par_1_1' title="bbox 174 649 1045 742">
     <span class='ocr_line' id='line_1_1' title="bbox 174 649 1045 742; baseline -0.011 0"><span class='ocrx_word' id='word_1_1' title='bbox 174 673 248 742; x_wconf 66' lang='grc' dir='ltr'>που</span> <span class='ocrx_word' id='word_1_2' title='bbox 380 651 418 736; x_wconf 84' lang='lat' dir='ltr'>S.</span> <span class='ocrx_word' id='word_1_3' title='bbox 447 655 647 734; x_wconf 79' lang='lat' dir='ltr'>Hrannrt</span> <span class='ocrx_word' id='word_1_4' title='bbox 675 675 732 730; x_wconf 81' lang='lat' dir='ltr'>ne</span> <span class='ocrx_word' id='word_1_5' title='bbox 761 649 1045 734; x_wconf 76' lang='lat' dir='ltr'>Tarutrare&#39;</span> 
     </span>
    </p>
   </div>
   <div class='ocr_carea' id='block_1_2' title="bbox 160 813 1269 4112">
    <p class='ocr_par' dir='ltr' id='par_1_2' title="bbox 160 813 1269 4112">
     <span class='ocr_line' id='line_1_2' title="bbox 175 813 1253 917; baseline 0 -19"><span class='ocrx_word' id='word_1_6' title='bbox 175 837 261 915; x_wconf 87' lang='lat' dir='ltr'>tur,</span> <span class='ocrx_word' id='word_1_7' title='bbox 286 824 388 917; x_wconf 78' lang='lat' dir='ltr'>cujus</span> <span class='ocrx_word' id='word_1_8' title='bbox 409 839 503 913; x_wconf 78' lang='lat' dir='ltr'>opus</span> <span class='ocrx_word' id='word_1_9' title='bbox 518 839 584 910; x_wconf 78' lang='lat' dir='ltr'>per</span> <span class='ocrx_word' id='word_1_10' title='bbox 599 817 800 893; x_wconf 86' lang='lat' dir='ltr'>nativitatla</span> <span class='ocrx_word' id='word_1_11' title='bbox 820 831 983 893; x_wconf 85' lang='lat' dir='ltr'>naturam</span> <span class='ocrx_word' id='word_1_12' title='bbox 1001 817 1141 910; x_wconf 86' lang='lat' dir='ltr'>paterni</span> <span class='ocrx_word' id='word_1_13' title='bbox 1157 821 1197 896; x_wconf 90' lang='lat' dir='ltr'>ln</span> <span class='ocrx_word' id='word_1_14' title='bbox 1213 813 1253 898; x_wconf 80' lang='lat' dir='ltr'>sa</span> 
     </span>
     <span class='ocr_line' id='line_1_3' title="bbox 177 911 1253 1020; baseline -0.004 -20"><span class='ocrx_word' id='word_1_15' title='bbox 177 924 302 1020; x_wconf 80' lang='lat' dir='ltr'>operia</span> <span class='ocrx_word' id='word_1_16' title='bbox 315 921 403 996; x_wconf 85' lang='lat' dir='ltr'>ellet</span> <span class='ocrx_word' id='word_1_17' title='bbox 418 919 634 994; x_wconf 76' lang='lat' dir='ltr'>autioritaa.·</span> <span class='ocrx_word' id='word_1_18' title='bbox 675 915 767 992; x_wconf 89' lang='lat' dir='ltr'>Non</span> <span class='ocrx_word' id='word_1_19' title='bbox 777 915 1012 992; x_wconf 87' lang='lat' dir='ltr'>confunditur</span> <span class='ocrx_word' id='word_1_20' title='bbox 1024 911 1159 1014; x_wconf 81' lang='lat' dir='ltr'>itaque,</span> <span class='ocrx_word' id='word_1_21' title='bbox 1187 935 1253 998; x_wconf 87' lang='lat' dir='ltr'>aut</span> 
     </span>
     <span class='ocr_line' id='line_1_4' title="bbox 178 1015 1255 1108; baseline -0.007 -6"><span class='ocrx_word' id='word_1_22' title='bbox 178 1025 348 1102; x_wconf 87' lang='lat' dir='ltr'>aboletur</span> <span class='ocrx_word' id='word_1_23' title='bbox 365 1038 513 1108; x_wconf 77' lang='lat' dir='ltr'>natura,</span> <span class='ocrx_word' id='word_1_24' title='bbox 538 1039 586 1092; x_wconf 91' lang='lat' dir='ltr'>ne</span> <span class='ocrx_word' id='word_1_25' title='bbox 600 1015 695 1090; x_wconf 84' lang='lat' dir='ltr'>filius</span> <span class='ocrx_word' id='word_1_26' title='bbox 715 1017 773 1093; x_wconf 81' lang='lat' dir='ltr'>stt:</span> <span class='ocrx_word' id='word_1_27' title='bbox 800 1038 870 1092; x_wconf 89' lang='lat' dir='ltr'>nec</span> <span class='ocrx_word' id='word_1_28' title='bbox 885 1032 1005 1091; x_wconf 88' lang='lat' dir='ltr'>tarnen</span> <span class='ocrx_word' id='word_1_29' title='bbox 1023 1018 1159 1096; x_wconf 85' lang='lat' dir='ltr'>mrsunr</span> <span class='ocrx_word' id='word_1_30' title='bbox 1181 1021 1255 1095; x_wconf 86' lang='lat' dir='ltr'>adi·</span> 
     </span>
     <span class='ocr_line' id='line_1_5' title="bbox 179 1115 1256 1210; baseline -0.006 -8"><span class='ocrx_word' id='word_1_31' title='bbox 179 1127 289 1202; x_wconf 86' lang='lat' dir='ltr'>mitur</span> <span class='ocrx_word' id='word_1_32' title='bbox 309 1136 457 1210; x_wconf 80' lang='lat' dir='ltr'>natura,</span> <span class='ocrx_word' id='word_1_33' title='bbox 484 1141 531 1192; x_wconf 90' lang='lat' dir='ltr'>ne</span> <span class='ocrx_word' id='word_1_34' title='bbox 550 1119 649 1192; x_wconf 83' lang='lat' dir='ltr'>Deus</span> <span class='ocrx_word' id='word_1_35' title='bbox 667 1117 720 1192; x_wconf 84' lang='lat' dir='ltr'>srt.</span> <span class='ocrx_word' id='word_1_36' title='bbox 770 1115 855 1190; x_wconf 87' lang='lat' dir='ltr'>Nec</span> <span class='ocrx_word' id='word_1_37' title='bbox 870 1116 1118 1194; x_wconf 87' lang='lat' dir='ltr'>discernuntur</span> <span class='ocrx_word' id='word_1_38' title='bbox 1133 1121 1256 1196; x_wconf 89' lang='lat' dir='ltr'>diver·</span> 
     </span>
     <span class='ocr_line' id='line_1_6' title="bbox 177 1219 1257 1318; baseline -0.006 -16"><span class='ocrx_word' id='word_1_39' title='bbox 177 1225 306 1316; x_wconf 84' lang='lat' dir='ltr'>litate,</span> <span class='ocrx_word' id='word_1_40' title='bbox 330 1243 378 1294; x_wconf 89' lang='lat' dir='ltr'>ne</span> <span class='ocrx_word' id='word_1_41' title='bbox 393 1241 501 1294; x_wconf 88' lang='lat' dir='ltr'>unum</span> <span class='ocrx_word' id='word_1_42' title='bbox 519 1219 604 1292; x_wconf 78' lang='lat' dir='ltr'>sint:</span> <span class='ocrx_word' id='word_1_43' title='bbox 630 1239 749 1308; x_wconf 90' lang='lat' dir='ltr'>neque</span> <span class='ocrx_word' id='word_1_44' title='bbox 767 1219 865 1311; x_wconf 87' lang='lat' dir='ltr'>quod</span> <span class='ocrx_word' id='word_1_45' title='bbox 882 1238 990 1292; x_wconf 89' lang='lat' dir='ltr'>unum</span> <span class='ocrx_word' id='word_1_46' title='bbox 1008 1220 1111 1312; x_wconf 81' lang='lat' dir='ltr'>sunt,</span> <span class='ocrx_word' id='word_1_47' title='bbox 1138 1223 1173 1296; x_wconf 92' lang='lat' dir='ltr'>id</span> <span class='ocrx_word' id='word_1_48' title='bbox 1186 1244 1257 1318; x_wconf 88' lang='lat' dir='ltr'>po·</span> 
     </span>
     <span class='ocr_line' id='line_1_7' title="bbox 179 1317 1258 1416; baseline -0.006 -15"><span class='ocrx_word' id='word_1_49' title='bbox 179 1321 449 1416; x_wconf 82' lang='lat' dir='ltr'>tellproestare,</span> <span class='ocrx_word' id='word_1_50' title='bbox 474 1341 521 1392; x_wconf 86' lang='lat' dir='ltr'>ne</span> <span class='ocrx_word' id='word_1_51' title='bbox 542 1333 696 1412; x_wconf 84' lang='lat' dir='ltr'>uterque</span> <span class='ocrx_word' id='word_1_52' title='bbox 708 1318 761 1392; x_wconf 85' lang='lat' dir='ltr'>fit.</span> <span class='ocrx_word' id='word_1_53' title='bbox 816 1317 1029 1412; x_wconf 86' lang='lat' dir='ltr'>Etprimurn</span> <span class='ocrx_word' id='word_1_54' title='bbox 1052 1318 1163 1396; x_wconf 85' lang='lat' dir='ltr'>lilium</span> <span class='ocrx_word' id='word_1_55' title='bbox 1189 1344 1258 1395; x_wconf 85' lang='lat' dir='ltr'>co·</span> 
     </span>
     <span class='ocr_line' id='line_1_8' title="bbox 179 1417 1257 1524; baseline -0.006 -28"><span class='ocrx_word' id='word_1_56' title='bbox 179 1421 336 1524; x_wconf 71' lang='lat' dir='ltr'>gnoste‚</span> <span class='ocrx_word' id='word_1_57' title='bbox 363 1441 446 1496; x_wconf 83' lang='lat' dir='ltr'>cum</span> <span class='ocrx_word' id='word_1_58' title='bbox 460 1419 610 1493; x_wconf 84' lang='lat' dir='ltr'>dicitur:</span> <span class='ocrx_word' id='word_1_59' title='bbox 637 1421 720 1492; x_wconf 84' lang='lat' dir='ltr'>Non</span> <span class='ocrx_word' id='word_1_60' title='bbox 731 1417 826 1514; x_wconf 72' lang='lat' dir='ltr'>patefl</span> <span class='ocrx_word' id='word_1_61' title='bbox 851 1419 1257 1519; x_wconf 72' lang='lat' dir='ltr'>Filimalsrfacertquid·</span> 
     </span>
     <span class='ocr_line' id='line_1_9' title="bbox 166 1519 1255 1624; baseline 0 -32"><span class='ocrx_word' id='word_1_62' title='bbox 166 1529 300 1624; x_wconf 57' lang='lat' dir='ltr'>&#39;qvam</span> <span class='ocrx_word' id='word_1_63' title='bbox 334 1523 392 1614; x_wconf 75' lang='lat' dir='ltr'>niss</span> <span class='ocrx_word' id='word_1_64' title='bbox 409 1531 485 1610; x_wconf 77' lang='lat' dir='ltr'>quod</span> <span class='ocrx_word' id='word_1_65' title='bbox 502 1523 626 1590; x_wconf 78' lang='lat' dir='ltr'>viderit</span> <span class='ocrx_word' id='word_1_66' title='bbox 646 1521 774 1592; x_wconf 76' lang='lat' dir='ltr'>Patrem</span> <span class='ocrx_word' id='word_1_67' title='bbox 791 1519 973 1608; x_wconf 69' lang='lat' dir='ltr'>facientem.</span> <span class='ocrx_word' id='word_1_68' title='bbox 1024 1519 1142 1595; x_wconf 84' lang='lat' dir='ltr'>Habes</span> <span class='ocrx_word' id='word_1_69' title='bbox 1157 1524 1255 1594; x_wconf 82' lang='lat' dir='ltr'>nati·</span> 
     </span>
     <span class='ocr_line' id='line_1_10' title="bbox 180 1617 1256 1716; baseline -0.008 -16"><span class='ocrx_word' id='word_1_70' title='bbox 180 1625 338 1700; x_wconf 78' lang='lat' dir='ltr'>vitatem</span> <span class='ocrx_word' id='word_1_71' title='bbox 367 1618 451 1704; x_wconf 72' lang='lat' dir='ltr'>nur,</span> <span class='ocrx_word' id='word_1_72' title='bbox 488 1620 635 1710; x_wconf 76' lang='lat' dir='ltr'>quat-ab</span> <span class='ocrx_word' id='word_1_73' title='bbox 657 1617 693 1692; x_wconf 90' lang='lat' dir='ltr'>se</span> <span class='ocrx_word' id='word_1_74' title='bbox 712 1619 798 1696; x_wconf 89' lang='lat' dir='ltr'>nihil</span> <span class='ocrx_word' id='word_1_75' title='bbox 820 1619 925 1714; x_wconf 85' lang='lat' dir='ltr'>poffit</span> <span class='ocrx_word' id='word_1_76' title='bbox 943 1621 1083 1716; x_wconf 84' lang='lat' dir='ltr'>facere,</span> <span class='ocrx_word' id='word_1_77' title='bbox 1115 1620 1175 1694; x_wconf 81' lang='lat' dir='ltr'>nisi</span> <span class='ocrx_word' id='word_1_78' title='bbox 1195 1622 1256 1691; x_wconf 90' lang='lat' dir='ltr'>vi·</span> 
     </span>
     <span class='ocr_line' id='line_1_11' title="bbox 184 1719 1259 1815; baseline -0.006 -17"><span class='ocrx_word' id='word_1_79' title='bbox 184 1723 282 1798; x_wconf 84' lang='lat' dir='ltr'>deat</span> <span class='ocrx_word' id='word_1_80' title='bbox 333 1722 376 1794; x_wconf 94' lang='lat' dir='ltr'>ln</span> <span class='ocrx_word' id='word_1_81' title='bbox 391 1742 440 1794; x_wconf 86' lang='lat' dir='ltr'>eo</span> <span class='ocrx_word' id='word_1_82' title='bbox 457 1735 592 1808; x_wconf 81' lang='lat' dir='ltr'>autern,</span> <span class='ocrx_word' id='word_1_83' title='bbox 620 1720 717 1810; x_wconf 88' lang='lat' dir='ltr'>quod</span> <span class='ocrx_word' id='word_1_84' title='bbox 733 1721 777 1792; x_wconf 88' lang='lat' dir='ltr'>ab</span> <span class='ocrx_word' id='word_1_85' title='bbox 794 1719 828 1794; x_wconf 88' lang='lat' dir='ltr'>se</span> <span class='ocrx_word' id='word_1_86' title='bbox 844 1722 932 1794; x_wconf 90' lang='lat' dir='ltr'>nihil</span> <span class='ocrx_word' id='word_1_87' title='bbox 949 1719 1082 1815; x_wconf 79' lang='lat' dir='ltr'>potest,</span> <span class='ocrx_word' id='word_1_88' title='bbox 1107 1720 1259 1794; x_wconf 85' lang='lat' dir='ltr'>innasci·</span> 
     </span>
     <span class='ocr_line' id='line_1_12' title="bbox 181 1817 1259 1914; baseline -0.002 -17"><span class='ocrx_word' id='word_1_89' title='bbox 181 1823 336 1902; x_wconf 79' lang='lat' dir='ltr'>bilitatis</span> <span class='ocrx_word' id='word_1_90' title='bbox 357 1822 481 1896; x_wconf 80' lang='lat' dir='ltr'>adimit</span> <span class='ocrx_word' id='word_1_91' title='bbox 495 1839 682 1908; x_wconf 69' lang='lat' dir='ltr'>errorem</span> <span class='ocrx_word' id='word_1_92' title='bbox 709 1819 753 1892; x_wconf 88' lang='lat' dir='ltr'>ab</span> <span class='ocrx_word' id='word_1_93' title='bbox 768 1818 802 1894; x_wconf 90' lang='lat' dir='ltr'>se</span> <span class='ocrx_word' id='word_1_94' title='bbox 814 1821 908 1894; x_wconf 89' lang='lat' dir='ltr'>enim</span> <span class='ocrx_word' id='word_1_95' title='bbox 926 1841 1002 1894; x_wconf 89' lang='lat' dir='ltr'>non</span> <span class='ocrx_word' id='word_1_96' title='bbox 1017 1820 1137 1914; x_wconf 86' lang='lat' dir='ltr'>potest</span> <span class='ocrx_word' id='word_1_97' title='bbox 1153 1817 1259 1912; x_wconf 82' lang='lat' dir='ltr'>polle</span> 
     </span>
     <span class='ocr_line' id='line_1_13' title="bbox 183 1917 1260 2012; baseline -0.006 -12"><span class='ocrx_word' id='word_1_98' title='bbox 183 1921 379 2000; x_wconf 77' lang='lat' dir='ltr'>nativitas:</span> <span class='ocrx_word' id='word_1_99' title='bbox 412 1917 512 2012; x_wconf 79' lang='lat' dir='ltr'>quod</span> <span class='ocrx_word' id='word_1_100' title='bbox 540 1933 658 1994; x_wconf 87' lang='lat' dir='ltr'>autem</span> <span class='ocrx_word' id='word_1_101' title='bbox 684 1921 810 2008; x_wconf 84' lang='lat' dir='ltr'>videt,</span> <span class='ocrx_word' id='word_1_102' title='bbox 845 1919 997 1996; x_wconf 79' lang='lat' dir='ltr'>conscia</span> <span class='ocrx_word' id='word_1_103' title='bbox 1015 1925 1050 1995; x_wconf 92' lang='lat' dir='ltr'>in</span> <span class='ocrx_word' id='word_1_104' title='bbox 1071 1921 1104 1996; x_wconf 90' lang='lat' dir='ltr'>se</span> <span class='ocrx_word' id='word_1_105' title='bbox 1119 1934 1260 1994; x_wconf 82' lang='lat' dir='ltr'>naturae</span> 
     </span>
     <span class='ocr_line' id='line_1_14' title="bbox 184 2015 1258 2118; baseline -0.002 -22"><span class='ocrx_word' id='word_1_106' title='bbox 184 2017 405 2118; x_wconf 78' lang='lat' dir='ltr'>iignilicatnr</span> <span class='ocrx_word' id='word_1_107' title='bbox 427 2020 576 2117; x_wconf 78' lang='lat' dir='ltr'>agnitio.</span> <span class='ocrx_word' id='word_1_108' title='bbox 637 2015 687 2092; x_wconf 80' lang='lat' dir='ltr'>Et</span> <span class='ocrx_word' id='word_1_109' title='bbox 708 2019 746 2096; x_wconf 90' lang='lat' dir='ltr'>in</span> <span class='ocrx_word' id='word_1_110' title='bbox 766 2040 814 2094; x_wconf 84' lang='lat' dir='ltr'>eo</span> <span class='ocrx_word' id='word_1_111' title='bbox 838 2040 936 2095; x_wconf 90' lang='lat' dir='ltr'>nunc</span> <span class='ocrx_word' id='word_1_112' title='bbox 958 2042 1080 2098; x_wconf 81' lang='lat' dir='ltr'>veram</span> <span class='ocrx_word' id='word_1_113' title='bbox 1100 2020 1171 2094; x_wconf 90' lang='lat' dir='ltr'>Dei</span> <span class='ocrx_word' id='word_1_114' title='bbox 1194 2042 1258 2094; x_wconf 91' lang='lat' dir='ltr'>co·</span> 
     </span>
     <span class='ocr_line' id='line_1_15' title="bbox 187 2119 1258 2222; baseline 0.001 -26"><span class='ocrx_word' id='word_1_115' title='bbox 187 2119 324 2222; x_wconf 78' lang='lat' dir='ltr'>gnosce</span> <span class='ocrx_word' id='word_1_116' title='bbox 352 2139 533 2196; x_wconf 78' lang='lat' dir='ltr'>naturam:</span> <span class='ocrx_word' id='word_1_117' title='bbox 566 2121 878 2217; x_wconf 72' lang='lat' dir='ltr'>Quacumqueem&#39;n</span> <span class='ocrx_word' id='word_1_118' title='bbox 893 2123 944 2194; x_wconf 76' lang='lat' dir='ltr'>illa</span> <span class='ocrx_word' id='word_1_119' title='bbox 960 2121 1062 2214; x_wconf 68' lang='lat' dir='ltr'>facit,</span> <span class='ocrx_word' id='word_1_120' title='bbox 1095 2125 1199 2194; x_wconf 82' lang='lat' dir='ltr'>eadem</span> <span class='ocrx_word' id='word_1_121' title='bbox 1218 2122 1258 2197; x_wconf 74' lang='grc' dir='ltr'>θ’</span> 
     </span>
     <span class='ocr_line' id='line_1_16' title="bbox 189 2220 1257 2314; baseline 0.005 -24"><span class='ocrx_word' id='word_1_122' title='bbox 189 2227 293 2300; x_wconf 58' lang='lat' dir='ltr'>fllia·</span> <span class='ocrx_word' id='word_1_123' title='bbox 325 2222 407 2310; x_wconf 69' lang='lat' dir='ltr'>facit</span> <span class='ocrx_word' id='word_1_124' title='bbox 432 2223 588 2308; x_wconf 66' lang='lat' dir='ltr'>ssmrluer.</span> <span class='ocrx_word' id='word_1_125' title='bbox 654 2220 723 2292; x_wconf 84' lang='lat' dir='ltr'>Per</span> <span class='ocrx_word' id='word_1_126' title='bbox 751 2238 885 2296; x_wconf 78' lang='lat' dir='ltr'>nature</span> <span class='ocrx_word' id='word_1_127' title='bbox 909 2237 1027 2296; x_wconf 85' lang='lat' dir='ltr'>autem</span> <span class='ocrx_word' id='word_1_128' title='bbox 1052 2225 1257 2314; x_wconf 86' lang='lat' dir='ltr'>virtutem,</span> 
     </span>
     <span class='ocr_line' id='line_1_17' title="bbox 186 2319 1259 2416; baseline -0.007 -16"><span class='ocrx_word' id='word_1_129' title='bbox 186 2335 327 2400; x_wconf 77' lang='lat' dir='ltr'>naturae</span> <span class='ocrx_word' id='word_1_130' title='bbox 344 2341 407 2414; x_wconf 83' lang='lat' dir='ltr'>per</span> <span class='ocrx_word' id='word_1_131' title='bbox 427 2319 463 2390; x_wconf 92' lang='lat' dir='ltr'>id</span> <span class='ocrx_word' id='word_1_132' title='bbox 479 2319 682 2394; x_wconf 85' lang='lat' dir='ltr'>indiffimilia</span> <span class='ocrx_word' id='word_1_133' title='bbox 697 2321 857 2416; x_wconf 85' lang='lat' dir='ltr'>intellige</span> <span class='ocrx_word' id='word_1_134' title='bbox 871 2325 1063 2397; x_wconf 86' lang='lat' dir='ltr'>unitatem:</span> <span class='ocrx_word' id='word_1_135' title='bbox 1098 2327 1144 2394; x_wconf 83' lang='lat' dir='ltr'>Ut</span> <span class='ocrx_word' id='word_1_136' title='bbox 1155 2347 1259 2394; x_wconf 77' lang='lat' dir='ltr'>onnes</span> 
     </span>
     <span class='ocr_line' id='line_1_18' title="bbox 187 2419 1260 2520; baseline 0.002 -28"><span class='ocrx_word' id='word_1_137' title='bbox 187 2421 398 2513; x_wconf 59' lang='lat' dir='ltr'>honorificent</span> <span class='ocrx_word' id='word_1_138' title='bbox 424 2423 560 2505; x_wconf 75' lang='lat' dir='ltr'>lilium,</span> <span class='ocrx_word' id='word_1_139' title='bbox 592 2419 670 2504; x_wconf 70' lang='lat' dir='ltr'>fitur</span> <span class='ocrx_word' id='word_1_140' title='bbox 685 2420 896 2511; x_wconf 78' lang='lat' dir='ltr'>honorificant</span> <span class='ocrx_word' id='word_1_141' title='bbox 917 2425 1067 2511; x_wconf 79' lang='lat' dir='ltr'>Patrem,</span> <span class='ocrx_word' id='word_1_142' title='bbox 1100 2429 1159 2520; x_wconf 76' lang='lat' dir='ltr'>qai</span> <span class='ocrx_word' id='word_1_143' title='bbox 1178 2422 1260 2515; x_wconf 71' lang='lat' dir='ltr'>mifit</span> 
     </span>
     <span class='ocr_line' id='line_1_19' title="bbox 190 2516 1260 2618; baseline 0 -24"><span class='ocrx_word' id='word_1_144' title='bbox 190 2516 295 2618; x_wconf 59' lang='lat' dir='ltr'>ddum.</span> <span class='ocrx_word' id='word_1_145' title='bbox 346 2520 405 2592; x_wconf 85' lang='lat' dir='ltr'>Ac</span> <span class='ocrx_word' id='word_1_146' title='bbox 418 2541 465 2591; x_wconf 90' lang='lat' dir='ltr'>ne</span> <span class='ocrx_word' id='word_1_147' title='bbox 484 2535 523 2590; x_wconf 90' lang='lat' dir='ltr'>te</span> <span class='ocrx_word' id='word_1_148' title='bbox 536 2533 671 2590; x_wconf 84' lang='lat' dir='ltr'>naturae</span> <span class='ocrx_word' id='word_1_149' title='bbox 682 2520 799 2592; x_wconf 84' lang='lat' dir='ltr'>unitas</span> <span class='ocrx_word' id='word_1_150' title='bbox 812 2521 847 2594; x_wconf 94' lang='lat' dir='ltr'>in</span> <span class='ocrx_word' id='word_1_151' title='bbox 865 2519 1011 2604; x_wconf 83' lang='lat' dir='ltr'>solitarii</span> <span class='ocrx_word' id='word_1_152' title='bbox 1026 2525 1164 2596; x_wconf 86' lang='lat' dir='ltr'>unione</span> <span class='ocrx_word' id='word_1_153' title='bbox 1174 2544 1260 2595; x_wconf 76' lang='lat' dir='ltr'>con·</span> 
     </span>
     <span class='ocr_line' id='line_1_20' title="bbox 189 2617 1263 2717; baseline -0.005 -18"><span class='ocrx_word' id='word_1_154' title='bbox 189 2622 328 2709; x_wconf 87' lang='lat' dir='ltr'>tineat;</span> <span class='ocrx_word' id='word_1_155' title='bbox 362 2619 619 2694; x_wconf 87' lang='lat' dir='ltr'>sacramentum</span> <span class='ocrx_word' id='word_1_156' title='bbox 636 2620 672 2691; x_wconf 94' lang='lat' dir='ltr'>in</span> <span class='ocrx_word' id='word_1_157' title='bbox 694 2640 740 2691; x_wconf 91' lang='lat' dir='ltr'>eo</span> <span class='ocrx_word' id='word_1_158' title='bbox 758 2617 842 2692; x_wconf 80' lang='lat' dir='ltr'>fidei</span> <span class='ocrx_word' id='word_1_159' title='bbox 855 2619 966 2697; x_wconf 84' lang='lat' dir='ltr'>disce:</span> <span class='ocrx_word' id='word_1_160' title='bbox 999 2628 1069 2717; x_wconf 74' lang='lat' dir='ltr'>Qui</span> <span class='ocrx_word' id='word_1_161' title='bbox 1084 2650 1148 2694; x_wconf 80' lang='lat' dir='ltr'>non</span> <span class='ocrx_word' id='word_1_162' title='bbox 1165 2626 1263 2694; x_wconf 81' lang='lat' dir='ltr'>hono-</span> 
     </span>
     <span class='ocr_line' id='line_1_21' title="bbox 191 2721 1262 2821; baseline 0.001 -29"><span class='ocrx_word' id='word_1_163' title='bbox 191 2727 300 2812; x_wconf 74' lang='lat' dir='ltr'>rificat</span> <span class='ocrx_word' id='word_1_164' title='bbox 329 2725 469 2810; x_wconf 74' lang='lat' dir='ltr'>Filium,</span> <span class='ocrx_word' id='word_1_165' title='bbox 501 2745 568 2790; x_wconf 82' lang='lat' dir='ltr'>non</span> <span class='ocrx_word' id='word_1_166' title='bbox 589 2721 776 2811; x_wconf 78' lang='lat' dir='ltr'>honorificat</span> <span class='ocrx_word' id='word_1_167' title='bbox 803 2721 949 2807; x_wconf 82' lang='lat' dir='ltr'>Patrem,</span> <span class='ocrx_word' id='word_1_168' title='bbox 986 2732 1041 2821; x_wconf 81' lang='lat' dir='ltr'>qui</span> <span class='ocrx_word' id='word_1_169' title='bbox 1060 2725 1262 2820; x_wconf 75' lang='lat' dir='ltr'>mifitidum.</span> 
     </span>
     <span class='ocr_line' id='line_1_22' title="bbox 160 2817 1264 2920; baseline -0.001 -22"><span class='ocrx_word' id='word_1_170' title='bbox 160 2900 163 2906; x_wconf 76' lang='grc'>,</span> <span class='ocrx_word' id='word_1_171' title='bbox 193 2822 375 2898; x_wconf 77' lang='lat' dir='ltr'><strong>Conclusa</strong></span> <span class='ocrx_word' id='word_1_172' title='bbox 396 2821 476 2893; x_wconf 88' lang='lat' dir='ltr'>sunt</span> <span class='ocrx_word' id='word_1_173' title='bbox 500 2822 621 2894; x_wconf 88' lang='lat' dir='ltr'>omnia</span> <span class='ocrx_word' id='word_1_174' title='bbox 635 2817 821 2895; x_wconf 88' lang='lat' dir='ltr'>adversum</span> <span class='ocrx_word' id='word_1_175' title='bbox 838 2822 993 2894; x_wconf 79' lang='lat' dir='ltr'>haerenci</span> <span class='ocrx_word' id='word_1_176' title='bbox 1015 2825 1146 2897; x_wconf 86' lang='lat' dir='ltr'>furoris</span> <span class='ocrx_word' id='word_1_177' title='bbox 1166 2827 1264 2920; x_wconf 79' lang='lat' dir='ltr'>inge·</span> 
     </span>
     <span class='ocr_line' id='line_1_23' title="bbox 164 2919 1263 3017; baseline -0.004 -16"><span class='ocrx_word' id='word_1_178' title='bbox 164 2943 176 2970; x_wconf 84' lang='lat'>·&#39;</span> <span class='ocrx_word' id='word_1_179' title='bbox 192 2927 268 3002; x_wconf 86' lang='lat' dir='ltr'>nia.</span> <span class='ocrx_word' id='word_1_180' title='bbox 319 2920 428 2995; x_wconf 88' lang='lat' dir='ltr'>Filius</span> <span class='ocrx_word' id='word_1_181' title='bbox 451 2921 523 3013; x_wconf 88' lang='lat' dir='ltr'>est,</span> <span class='ocrx_word' id='word_1_182' title='bbox 557 2923 639 3011; x_wconf 90' lang='lat' dir='ltr'>quia</span> <span class='ocrx_word' id='word_1_183' title='bbox 664 2924 708 2992; x_wconf 89' lang='lat' dir='ltr'>ab</span> <span class='ocrx_word' id='word_1_184' title='bbox 728 2919 762 2994; x_wconf 91' lang='lat' dir='ltr'>se</span> <span class='ocrx_word' id='word_1_185' title='bbox 783 2923 869 2995; x_wconf 90' lang='lat' dir='ltr'>nihil</span> <span class='ocrx_word' id='word_1_186' title='bbox 888 2922 1028 3015; x_wconf 85' lang='lat' dir='ltr'>potest:</span> <span class='ocrx_word' id='word_1_187' title='bbox 1063 2924 1162 2997; x_wconf 83' lang='lat' dir='ltr'>Deus</span> <span class='ocrx_word' id='word_1_188' title='bbox 1190 2926 1263 3017; x_wconf 81' lang='lat' dir='ltr'>eil,</span> 
     </span>
     <span class='ocr_line' id='line_1_24' title="bbox 195 3018 1266 3116; baseline 0.004 -21"><span class='ocrx_word' id='word_1_189' title='bbox 195 3025 302 3114; x_wconf 85' lang='lat' dir='ltr'>quia,</span> <span class='ocrx_word' id='word_1_190' title='bbox 338 3040 570 3112; x_wconf 81' lang='lat' dir='ltr'>quaecumque</span> <span class='ocrx_word' id='word_1_191' title='bbox 593 3021 697 3092; x_wconf 85' lang='lat' dir='ltr'>l’ater</span> <span class='ocrx_word' id='word_1_192' title='bbox 719 3018 825 3110; x_wconf 83' lang='lat' dir='ltr'>iacit,</span> <span class='ocrx_word' id='word_1_193' title='bbox 863 3022 896 3093; x_wconf 80' lang='lat' dir='ltr'>dr</span> <span class='ocrx_word' id='word_1_194' title='bbox 920 3022 992 3116; x_wconf 84' lang='lat' dir='ltr'>ipse</span> <span class='ocrx_word' id='word_1_195' title='bbox 1016 3025 1137 3100; x_wconf 83' lang='lat' dir='ltr'>eadem</span> <span class='ocrx_word' id='word_1_196' title='bbox 1157 3025 1266 3100; x_wconf 84' lang='lat' dir='ltr'>facit:</span> 
     </span>
     <span class='ocr_line' id='line_1_25' title="bbox 193 3118 1267 3216; baseline 0.003 -20"><span class='ocrx_word' id='word_1_197' title='bbox 193 3142 310 3196; x_wconf 85' lang='lat' dir='ltr'>unum</span> <span class='ocrx_word' id='word_1_198' title='bbox 325 3118 418 3208; x_wconf 84' lang='lat' dir='ltr'>sunt,</span> <span class='ocrx_word' id='word_1_199' title='bbox 446 3121 527 3208; x_wconf 87' lang='lat' dir='ltr'>quia</span> <span class='ocrx_word' id='word_1_200' title='bbox 542 3135 749 3209; x_wconf 78' lang='lat' dir='ltr'>exaequatur</span> <span class='ocrx_word' id='word_1_201' title='bbox 761 3124 798 3192; x_wconf 89' lang='lat' dir='ltr'>in</span> <span class='ocrx_word' id='word_1_202' title='bbox 816 3120 974 3216; x_wconf 87' lang='lat' dir='ltr'>honore,</span> <span class='ocrx_word' id='word_1_203' title='bbox 1001 3126 1196 3216; x_wconf 86' lang='lat' dir='ltr'>eademque</span> <span class='ocrx_word' id='word_1_204' title='bbox 1212 3125 1267 3199; x_wconf 88' lang='lat' dir='ltr'>fa·</span> 
     </span>
     <span class='ocr_line' id='line_1_26' title="bbox 195 3217 1264 3316; baseline 0.009 -23"><span class='ocrx_word' id='word_1_205' title='bbox 195 3224 271 3308; x_wconf 74' lang='lat' dir='ltr'>cit,</span> <span class='ocrx_word' id='word_1_206' title='bbox 308 3219 492 3308; x_wconf 80' lang='lat' dir='ltr'>nonalia,</span> <span class='ocrx_word' id='word_1_207' title='bbox 526 3237 601 3289; x_wconf 92' lang='lat' dir='ltr'>non</span> <span class='ocrx_word' id='word_1_208' title='bbox 626 3217 677 3290; x_wconf 89' lang='lat' dir='ltr'>est</span> <span class='ocrx_word' id='word_1_209' title='bbox 702 3233 804 3310; x_wconf 88' lang='lat' dir='ltr'>pater</span> <span class='ocrx_word' id='word_1_210' title='bbox 824 3217 918 3316; x_wconf 85' lang='lat' dir='ltr'>ipse,</span> <span class='ocrx_word' id='word_1_211' title='bbox 954 3229 1035 3313; x_wconf 88' lang='lat' dir='ltr'>quia</span> <span class='ocrx_word' id='word_1_212' title='bbox 1057 3224 1174 3299; x_wconf 82' lang='lat' dir='ltr'>rullius</span> <span class='ocrx_word' id='word_1_213' title='bbox 1200 3225 1264 3304; x_wconf 90' lang='lat' dir='ltr'>est.</span> 
     </span>
     <span class='ocr_line' id='line_1_27' title="bbox 194 3314 1266 3414; baseline 0.007 -24"><span class='ocrx_word' id='word_1_214' title='bbox 194 3317 323 3400; x_wconf 81' lang='lat' dir='ltr'>Habet</span> <span class='ocrx_word' id='word_1_215' title='bbox 346 3319 456 3411; x_wconf 86' lang='lat' dir='ltr'>igitur</span> <span class='ocrx_word' id='word_1_216' title='bbox 477 3319 549 3390; x_wconf 85' lang='lat' dir='ltr'>hoc</span> <span class='ocrx_word' id='word_1_217' title='bbox 569 3314 775 3392; x_wconf 87' lang='lat' dir='ltr'>sacramenti</span> <span class='ocrx_word' id='word_1_218' title='bbox 798 3317 872 3394; x_wconf 89' lang='lat' dir='ltr'>sola</span> <span class='ocrx_word' id='word_1_219' title='bbox 891 3326 1078 3414; x_wconf 74' lang='lat' dir='ltr'>nativitas,</span> <span class='ocrx_word' id='word_1_220' title='bbox 1104 3337 1146 3394; x_wconf 90' lang='lat' dir='ltr'>ut</span> <span class='ocrx_word' id='word_1_221' title='bbox 1165 3345 1266 3397; x_wconf 89' lang='lat' dir='ltr'>com-</span> 
     </span>
     <span class='ocr_line' id='line_1_28' title="bbox 195 3415 1266 3594; baseline 0 -102"><span class='ocrx_word' id='word_1_222' title='bbox 195 3416 376 3594; x_wconf 45' lang='lat' dir='ltr'>{anatur</span> <span class='ocrx_word' id='word_1_223' title='bbox 392 3418 430 3490; x_wconf 92' lang='lat' dir='ltr'>in</span> <span class='ocrx_word' id='word_1_224' title='bbox 446 3415 481 3490; x_wconf 88' lang='lat' dir='ltr'>se</span> <span class='ocrx_word' id='word_1_225' title='bbox 499 3418 534 3489; x_wconf 86' lang='lat' dir='ltr'>dt</span> <span class='ocrx_word' id='word_1_226' title='bbox 555 3438 706 3508; x_wconf 86' lang='lat' dir='ltr'>nomen,</span> <span class='ocrx_word' id='word_1_227' title='bbox 734 3418 960 3511; x_wconf 67' lang='lat' dir='ltr'>duraturam,</span> <span class='ocrx_word' id='word_1_228' title='bbox 986 3421 1266 3515; x_wconf 57' lang='lat' dir='ltr'>&amp;potestaten</span> 
     </span>
     <span class='ocr_line' id='line_1_29' title="bbox 258 3516 1269 3614; baseline 0.01 -26"><span class='ocrx_word' id='word_1_229' title='bbox 258 3516 532 3612; x_wconf 78' lang='lat' dir='ltr'>professionem:</span> <span class='ocrx_word' id='word_1_230' title='bbox 565 3519 647 3608; x_wconf 88' lang='lat' dir='ltr'>quia</span> <span class='ocrx_word' id='word_1_231' title='bbox 668 3518 834 3594; x_wconf 86' lang='lat' dir='ltr'>universa</span> <span class='ocrx_word' id='word_1_232' title='bbox 862 3523 1029 3595; x_wconf 74' lang='lat' dir='ltr'>nativitas</span> <span class='ocrx_word' id='word_1_233' title='bbox 1048 3542 1122 3591; x_wconf 92' lang='lat' dir='ltr'>non</span> <span class='ocrx_word' id='word_1_234' title='bbox 1143 3523 1269 3614; x_wconf 82' lang='lat' dir='ltr'>potest</span> 
     </span>
     <span class='ocr_line' id='line_1_30' title="bbox 196 3616 1267 3705; baseline 0.007 -17"><span class='ocrx_word' id='word_1_235' title='bbox 196 3618 338 3698; x_wconf 76' lang='lat' dir='ltr'>nonin</span> <span class='ocrx_word' id='word_1_236' title='bbox 365 3639 407 3690; x_wconf 83' lang='lat' dir='ltr'>ea</span> <span class='ocrx_word' id='word_1_237' title='bbox 433 3616 504 3690; x_wconf 82' lang='lat' dir='ltr'>elle</span> <span class='ocrx_word' id='word_1_238' title='bbox 525 3633 672 3705; x_wconf 82' lang='lat' dir='ltr'>natura,</span> <span class='ocrx_word' id='word_1_239' title='bbox 710 3621 807 3694; x_wconf 86' lang='lat' dir='ltr'>unde</span> <span class='ocrx_word' id='word_1_240' title='bbox 827 3620 999 3696; x_wconf 85' lang='lat' dir='ltr'>nascatur.</span> <span class='ocrx_word' id='word_1_241' title='bbox 1049 3619 1139 3692; x_wconf 91' lang='lat' dir='ltr'>Non</span> <span class='ocrx_word' id='word_1_242' title='bbox 1159 3621 1267 3696; x_wconf 81' lang='lat' dir='ltr'>affert</span> 
     </span>
     <span class='ocr_line' id='line_1_31' title="bbox 197 3713 1266 3812; baseline 0.005 -20"><span class='ocrx_word' id='word_1_243' title='bbox 197 3715 342 3792; x_wconf 77' lang='lat' dir='ltr'>externi</span> <span class='ocrx_word' id='word_1_244' title='bbox 366 3718 506 3812; x_wconf 81' lang='lat' dir='ltr'>generis</span> <span class='ocrx_word' id='word_1_245' title='bbox 524 3713 766 3792; x_wconf 82' lang='lat' dir='ltr'>substantiam:</span> <span class='ocrx_word' id='word_1_246' title='bbox 801 3723 883 3810; x_wconf 89' lang='lat' dir='ltr'>quia</span> <span class='ocrx_word' id='word_1_247' title='bbox 903 3743 947 3793; x_wconf 87' lang='lat' dir='ltr'>ex</span> <span class='ocrx_word' id='word_1_248' title='bbox 969 3741 1044 3794; x_wconf 90' lang='lat' dir='ltr'>uno</span> <span class='ocrx_word' id='word_1_249' title='bbox 1069 3741 1145 3793; x_wconf 90' lang='lat' dir='ltr'>non</span> <span class='ocrx_word' id='word_1_250' title='bbox 1164 3723 1266 3797; x_wconf 81' lang='lat' dir='ltr'>sttbsr·</span> 
     </span>
     <span class='ocr_line' id='line_1_32' title="bbox 197 3813 1269 3916; baseline 0.007 -28"><span class='ocrx_word' id='word_1_251' title='bbox 197 3813 261 3896; x_wconf 80' lang='lat' dir='ltr'>stit</span> <span class='ocrx_word' id='word_1_252' title='bbox 282 3816 448 3888; x_wconf 85' lang='lat' dir='ltr'>alienum.</span> <span class='ocrx_word' id='word_1_253' title='bbox 505 3816 619 3913; x_wconf 92' lang='lat' dir='ltr'>Quod</span> <span class='ocrx_word' id='word_1_254' title='bbox 645 3833 765 3892; x_wconf 87' lang='lat' dir='ltr'>autem</span> <span class='ocrx_word' id='word_1_255' title='bbox 782 3822 933 3892; x_wconf 82' lang='lat' dir='ltr'>alienum</span> <span class='ocrx_word' id='word_1_256' title='bbox 951 3843 970 3892; x_wconf 88' lang='lat' dir='ltr'>a</span> <span class='ocrx_word' id='word_1_257' title='bbox 985 3820 1019 3894; x_wconf 86' lang='lat' dir='ltr'>se</span> <span class='ocrx_word' id='word_1_258' title='bbox 1041 3822 1205 3916; x_wconf 89' lang='lat' dir='ltr'>nonest,</span> <span class='ocrx_word' id='word_1_259' title='bbox 1231 3822 1269 3895; x_wconf 93' lang='lat' dir='ltr'>id</span> 
     </span>
     <span class='ocr_line' id='line_1_33' title="bbox 198 3913 1267 4013; baseline 0.002 -21"><span class='ocrx_word' id='word_1_260' title='bbox 198 3934 312 3992; x_wconf 81' lang='lat' dir='ltr'>unuin</span> <span class='ocrx_word' id='word_1_261' title='bbox 337 3913 387 3986; x_wconf 87' lang='lat' dir='ltr'>est</span> <span class='ocrx_word' id='word_1_262' title='bbox 413 3933 545 4007; x_wconf 78' lang='lat' dir='ltr'>genere</span> <span class='ocrx_word' id='word_1_263' title='bbox 570 3931 724 3992; x_wconf 84' lang='lat' dir='ltr'>naturae:</span> <span class='ocrx_word' id='word_1_264' title='bbox 765 3918 988 4010; x_wconf 84' lang='lat' dir='ltr'>&amp;quidquid</span> <span class='ocrx_word' id='word_1_265' title='bbox 1009 3942 1116 3995; x_wconf 92' lang='lat' dir='ltr'>unurn</span> <span class='ocrx_word' id='word_1_266' title='bbox 1134 3923 1184 3995; x_wconf 92' lang='lat' dir='ltr'>est</span> <span class='ocrx_word' id='word_1_267' title='bbox 1202 3942 1267 4013; x_wconf 88' lang='lat' dir='ltr'>per</span> 
     </span>
     <span class='ocr_line' id='line_1_34' title="bbox 199 4013 1267 4112; baseline 0.009 -27"><span class='ocrx_word' id='word_1_268' title='bbox 199 4013 445 4100; x_wconf 78' lang='lat' dir='ltr'>nativitatem,</span> <span class='ocrx_word' id='word_1_269' title='bbox 471 4015 676 4088; x_wconf 88' lang='lat' dir='ltr'>nonhabet</span> <span class='ocrx_word' id='word_1_270' title='bbox 693 4013 930 4103; x_wconf 87' lang='lat' dir='ltr'>solitudinem,</span> <span class='ocrx_word' id='word_1_271' title='bbox 958 4023 1038 4112; x_wconf 88' lang='lat' dir='ltr'>quia</span> <span class='ocrx_word' id='word_1_272' title='bbox 1058 4021 1267 4095; x_wconf 79' lang='lat' dir='ltr'>&amp;solitudo</span> 
     </span>
    </p>
   </div>
   <div class='ocr_carea' id='block_1_3' title="bbox 193 4109 1271 4502">
    <p class='ocr_par' dir='ltr' id='par_1_3' title="bbox 193 4109 1271 4502">
     <span class='ocr_line' id='line_1_35' title="bbox 193 4109 1243 4212; baseline 0.008 -23"><span class='ocrx_word' id='word_1_273' title='bbox 193 4112 381 4211; x_wconf 75' lang='lat' dir='ltr'>nngulans</span> <span class='ocrx_word' id='word_1_274' title='bbox 402 4109 474 4198; x_wconf 83' lang='lat' dir='ltr'>est,</span> <span class='ocrx_word' id='word_1_275' title='bbox 501 4109 753 4189; x_wconf 79' lang='lat' dir='ltr'>&amp;nativitatis</span> <span class='ocrx_word' id='word_1_276' title='bbox 770 4116 821 4191; x_wconf 90' lang='lat' dir='ltr'>est</span> <span class='ocrx_word' id='word_1_277' title='bbox 836 4119 953 4193; x_wconf 89' lang='lat' dir='ltr'>unitas</span> <span class='ocrx_word' id='word_1_278' title='bbox 978 4122 1021 4193; x_wconf 92' lang='lat' dir='ltr'>ad</span> <span class='ocrx_word' id='word_1_279' title='bbox 1041 4135 1243 4212; x_wconf 87' lang='lat' dir='ltr'>utrumque.</span> 
     </span>
     <span class='ocr_line' id='line_1_36' title="bbox 285 4206 1270 4304; baseline 0.005 -16"><span class='ocrx_word' id='word_1_280' title='bbox 285 4234 340 4288; x_wconf 82' lang='lat' dir='ltr'>aa.</span> <span class='ocrx_word' id='word_1_281' title='bbox 367 4206 416 4283; x_wconf 81' lang='lat' dir='ltr'>Et</span> <span class='ocrx_word' id='word_1_282' title='bbox 440 4211 653 4304; x_wconf 69' lang='lat' dir='ltr'>superine,</span> <span class='ocrx_word' id='word_1_283' title='bbox 680 4216 767 4289; x_wconf 81' lang='lat' dir='ltr'>adfrt</span> <span class='ocrx_word' id='word_1_284' title='bbox 784 4217 844 4290; x_wconf 90' lang='lat' dir='ltr'>libi</span> <span class='ocrx_word' id='word_1_285' title='bbox 862 4217 994 4293; x_wconf 84' lang='lat' dir='ltr'>divinae</span> <span class='ocrx_word' id='word_1_286' title='bbox 1016 4222 1059 4294; x_wconf 90' lang='lat' dir='ltr'>de</span> <span class='ocrx_word' id='word_1_287' title='bbox 1078 4219 1113 4293; x_wconf 86' lang='lat' dir='ltr'>se</span> <span class='ocrx_word' id='word_1_288' title='bbox 1131 4219 1270 4293; x_wconf 89' lang='lat' dir='ltr'>senten·</span> 
     </span>
     <span class='ocr_line' id='line_1_37' title="bbox 199 4310 1271 4421; baseline -0.001 -27"><span class='ocrx_word' id='word_1_289' title='bbox 199 4313 265 4394; x_wconf 62' lang='lat' dir='ltr'>fi}</span> <span class='ocrx_word' id='word_1_290' title='bbox 280 4310 536 4392; x_wconf 80' lang='lat' dir='ltr'>testimonium.</span> <span class='ocrx_word' id='word_1_291' title='bbox 588 4313 654 4390; x_wconf 81' lang='lat' dir='ltr'>Ait</span> <span class='ocrx_word' id='word_1_292' title='bbox 672 4317 785 4394; x_wconf 84' lang='lat' dir='ltr'>enim:</span> <span class='ocrx_word' id='word_1_293' title='bbox 812 4321 887 4421; x_wconf 67' lang='lat' dir='ltr'>Qui</span> <span class='ocrx_word' id='word_1_294' title='bbox 900 4323 1035 4418; x_wconf 74' lang='lat' dir='ltr'>[tentat</span> <span class='ocrx_word' id='word_1_295' title='bbox 1047 4325 1156 4394; x_wconf 64' lang='lat' dir='ltr'>ovibus</span> <span class='ocrx_word' id='word_1_296' title='bbox 1179 4328 1271 4417; x_wconf 76' lang='lat' dir='ltr'>meis,</span> 
     </span>
     <span class='ocr_line' id='line_1_38' title="bbox 1111 4444 1220 4502; baseline -0.028 0"><span class='ocrx_word' id='word_1_297' title='bbox 1111 4444 1220 4502; x_wconf 70' lang='lat' dir='ltr'><strong><em>de</em></strong></span> 
     </span>
    </p>
   </div>
   <div class='ocr_carea' id='block_1_4' title="bbox 461 4701 556 4739">
    <p class='ocr_par' dir='ltr' id='par_1_4' title="bbox 461 4701 556 4739">
     <span class='ocr_line' id='line_1_39' title="bbox 461 4701 556 4739; baseline 0 0"><span class='ocrx_word' id='word_1_298' title='bbox 461 4701 556 4739; x_wconf 49' lang='lat'>&#39;¹⁹⁸5-</span> 
     </span>
    </p>
   </div>
   <div class='ocr_carea' id='block_1_5' title="bbox 0 0 1408 4959">
    <p class='ocr_par' dir='ltr' id='par_1_5' title="bbox 0 0 1408 4959">
     <span class='ocr_line' id='line_1_40' title="bbox 0 0 1408 4959; baseline 0 0"><span class='ocrx_word' id='word_1_299' title='bbox 0 0 1408 4959; x_wconf 95' lang='lat' dir='ltr'> </span> 
     </span>
    </p>
   </div>
  </div>
 </body>
</html>
