2742 4959
395 683 409 700 ,
491 685 494 690 .
564 606 760 696 Vrrn.
1137 637 1204 693 xtx

138 775 306 854 asturem
328 776 405 870 iarn
428 773 517 854 ¹urbi
545 776 727 872 eripuerat
753 772 879 854 atderu
892 774 1070 854 revisendi
1086 715 1203 880 gregia

138 901 350 976 eldenium.

189 1065 358 1162 Quanto
376 1079 457 1133 tum
466 1054 640 1154 plausuac
652 1057 782 1133 lavore
792 1054 946 1132 Pitiavir
956 1074 1130 1157 exceptus
1142 1061 1200 1160 lit,

138 1186 289 1282 ugitare
314 1177 454 1256 futilius
477 1177 548 1275 est,
579 1199 691 1275 ¹quum
710 1180 833 1252 verbis
852 1199 1027 1257 enarrare.
1079 1179 1200 1259 Testis

138 1301 166 1378 ti
185 1297 450 1395 Fr'rrtunatua,
486 1319 564 1376 eam
583 1313 660 1374 tum
681 1299 826 1395 populis
844 1299 1000 1376 letitiam
1019 1301 1200 1401 extitisse,

138 1422 211 1518 past
230 1420 455 1518 patriacum
477 1415 554 1514 ipso
569 1421 620 1494 eis
638 1420 778 1496 reddita
795 1415 896 1515 ellet,
923 1423 981 1513 qui
999 1420 1032 1496 se
1051 1424 1198 1501 fineillo

138 1545 247 1622 nules
273 1539 534 1618 existimabant
587 1539 745 1616 Hilarius
761 1539 834 1637 ipse
846 1563 922 1614 non
944 1543 1057 1619 modo
1074 1547 1222 1623 cariffi·.

138 1687 182 1740 ne
199 1663 329 1762 plebia
344 1658 424 1756 sue,
450 1657 508 1734 sed
525 1659 690 1736 &diletli
708 1661 867 1756 discipuli
883 1661 931 1735 sui
948 1660 1099 1737 Martini
1112 1685 1200 1741 con·

138 1779 969 1880 'petrueodempropetemporeestrecreatus.
1021 1783 1199 1864 Hicenim

138 1905 281 1984 lomam
298 1899 497 1996 proferres,
523 1903 637 1996 illum,
663 1902 724 1975 ubi
737 1902 809 1994 jam
827 1900 1030 1994 praeteriill'e
1045 1905 1199 2001 audivit,

138 2041 169 2100 ta
183 2047 206 2099 e
222 2022 388 2119 vestigiis
400 2018 608 2113 persecutus
627 2019 692 2114 est,
718 2036 845 2095 utnon
861 2024 978 2097 multo
990 2024 1072 2117 post
1085 2024 1199 2119 ipsum

138 2145 297 2222 litlauos
316 2141 538 2237 perveniret.
587 2140 709 2234 Aquo
727 2161 807 2218 cum
822 2141 1199 2242 gratissimesusceptut

138 2265 266 2358 uillet,
300 2260 554 2338 monasterium
571 2259 843 2359 Logogejacum
866 2307 918 2324 -
942 2264 1060 2363 liguge
1080 2270 1198 2366 vulgo

138 2385 275 2479 linum,
302 2384 454 2477 primum
470 2383 506 2456 in
525 2382 640 2455 Gallia
657 2380 912 2459 monasterium
935 2420 988 2437 -
1009 2386 1107 2462 haud
1119 2390 1200 2465 lon·

138 2507 166 2581 rb
189 2504 340 2603 oppido
355 2500 563 2576 Pitiavienlr
587 2506 801 2622 collocavit.

191 2663 425 2741 Fortunatus
445 2661 530 2763 lruic
545 2664 735 2738 Hilarianae
761 2667 846 2738 vitae
865 2666 1019 2758 periodo
1039 2668 1200 2760 quaedam

138 2785 230 2863 tsuo
253 2783 383 2861 Heroe
397 2797 537 2878 patrata
555 2781 728 2860 immiscet
744 2785 934 2878 miracula,
973 2784 1124 2882 primum
1148 2792 1200 2866 in·

138 2907 210 2982 'auti
234 2903 413 2980 redditam
431 2906 567 2999 vitam,
594 2903 751 2999 proprie
770 2918 888 2979 autem
904 2901 1005 2998 filiae,
1032 2924 1073 2981 ut
1092 2913 1199 2986 citius

138 3021 270 3102 :bristo
301 3025 479 3119 nuberet,
511 3025 740 3121 propriaeque
762 3007 870 3101 uxori
900 3026 976 3120 caeli
1001 3027 1102 3106 causa
1119 3039 1199 3109 e'am

138 3147 291 3244 >ptenti‚
315 3147 541 3242 impetratam
558 3160 728 3222 mortem.

189 3307 239 3384 ld
261 3305 441 3382 miraculo
458 3306 691 3400 simillimum,
717 3303 818 3381 fuille
837 3306 1013 3384 Hilarium
1036 3305 1105 3385 suae
1123 3307 1197 3388 sedi

138 3429 353 3521 effitutum,
385 3427 444 3521 qui
468 3427 642 3502 hereticis
663 3426 854 3520 restiterit,
889 3450 970 3505 cum
991 3431 1126 3509 fuerint
1151 3435 1197 3510 ab

138 3552 204 3626 nde
221 3543 345 3642 ejesti,
372 3548 431 3639 qui
447 3547 513 3620 illis
531 3549 637 3622 etiam
656 3548 823 3622 nonnihil
843 3548 1027 3626 cellerant.
1080 3549 1197 3627 Certo

138 3673 251 3748 ifine
269 3665 413 3763 speciali
430 3668 500 3742 Dei
518 3669 554 3742 in
578 3667 712 3741 Gallias
731 3687 799 3759 pro
807 3668 965 3744 videntia
977 3669 1107 3747 fastum
1118 3693 1198 3749 non

138 3791 184 3867 st.
237 3787 339 3866 Nam
353 3790 528 3883 vulnere,
543 3788 654 3892 ¹quod
668 3790 706 3862 in
723 3788 933 3864 Ariminensi
951 3789 1122 3866 Concilio
1135 3813 1198 3867 ex·

138 3921 303 4008 eperant
325 3905 441 4001 Galli,
476 3925 591 4002 nuper
607 3907 709 3985 miffis
730 3907 970 3986 Orientalium
990 3914 1119 3987 litteris
1136 3912 1198 3988 de-

138 4032 248 4128 etto,
282 4028 546 4114 defiderabatut
561 4032 677 4123 perita
691 4032 821 4106 medici
841 4051 986 4124 manus,
1013 4053 1090 4124 que
1108 4033 1197 4108 illud

138 4156 288 4254 lligaret
307 4149 594 4256 quamprimum,
622 4154 863 4250 congruisque
872 4153 1037 4229 remediis
1048 4150 1197 4247 sanaret,

631 4272 656 4345 b
683 4294 703 4345 a
1000 4270 1148 4367 Opper-
