2742 4959
352 697 355 702 .
515 629 837 708 scurnum
1144 650 1212 716 uu

134 793 259 897 geffit,
286 789 452 873 adducat.
503 789 601 871 Tum
621 792 773 889 quosue
786 793 889 890 sunt,
915 793 1066 876 obito,
1089 788 1209 892 Impe·

133 918 253 992 tatori
270 912 355 990 fidei
376 914 635 1014 cognoscenda
651 914 785 1008 cupido
799 916 974 1009 exponit,
1001 917 1122 1011 quiex
1136 918 1209 998 fre·

133 1036 480 1131 quentimutatione
490 1036 663 1111 acciderit
671 1033 994 1134 Evangelicufidei
1004 1040 1209 1134 corruptior

133 1158 306 1250 adeoque
325 1156 371 1230 ad
389 1157 556 1255 baptismi
573 1153 682 1232 fidem
698 1157 922 1233 redeundum
940 1157 1077 1236 suadet.
1113 1167 1115 1172 '
1140 1156 1211 1236 lan·

131 1276 315 1376 peratoris
330 1277 460 1353 deinde
474 1275 628 1352 studium
643 1278 778 1372 iaudat,
804 1274 913 1353 fidem
929 1294 1069 1355 tantum
1084 1277 1209 1367 secuu-

132 1400 222 1474 dum
247 1418 312 1493 ea,
354 1417 432 1489 quae
450 1395 579 1492 scripta
594 1396 676 1471 sunt
691 1396 933 1475 defiderantia.
984 1397 1209 1478 Commouet

131 1535 274 1612 tamen,
300 1519 437 1593 nulium
449 1515 520 1592 eise
535 1517 758 1615 haereticum,
784 1519 846 1613 qui
866 1535 1071 1595 commenta
1088 1520 1148 1596 sua
1161 1542 1210 1598 ex

130 1640 322 1733 scripturis
340 1636 636 1716 nonconfirnrat.
684 1638 843 1714 Demum
861 1640 1047 1734 pollicitus
1067 1641 1156 1716 nihil
1173 1639 1209 1720 se

131 1783 214 1839 noo
229 1757 493 1855 exscriptoris,
524 1759 613 1834 nihil
634 1781 711 1835 non
728 1762 772 1835 ad
789 1757 951 1836 Orientis
972 1760 1008 1833 u
1027 1759 1211 1839 occiden-

132 1881 184 1956 tin
198 1899 349 1976 pacem,
376 1878 465 1955 nihil
480 1898 557 1956 non
574 1901 657 1956 curn
676 1882 822 1956 honore
837 1882 938 1979 regni
953 1902 994 1956 ac
1005 1882 1113 1977 regie
1123 1877 1210 1969 fidei

132 1999 329 2094 uuumm,
357 1999 537 2092 quoddam
555 1999 726 2076 sermonis
740 2000 852 2075 futuri
872 2001 1000 2096 pignus
1011 2003 1210 2096 praemittit.

236 2118 423 2214 Suspicere
437 2122 474 2196 in
487 2125 562 2197 hoc
572 2123 703 2197 libello·
712 2119 799 2193 licet
812 2119 1056 2198 incredibilem
1069 2122 1105 2200 S.
1119 2123 1212 2200 Prn-

133 2238 220 2318 suiie
237 2241 472 2340 vigilantiam,
498 2240 766 2336 fortitudinem,
791 2239 1017 2336 prudentiam
1032 2240 1211 2343 acfidem,

133 2384 209 2456 qua
224 2380 319 2437 unus
336 2365 498 2456 quamvis
517 2366 622 2456 exul,
649 2363 827 2436 hereticis
850 2359 1087 2460 Imperatoris
1103 2382 1211 2459 pote·

134 2481 231 2559 state
254 2488 420 2577 armatis,
454 2484 490 2558 in
515 2480 588 2576 ipsa
610 2484 708 2579 regia
727 2483 878 2557 civitate
898 2481 969 2558 sese
999 2505 1077 2559 non
1093 2488 1215 2562 timuit

136 2625 345 2700 opponere,
366 2604 1028 2679 immosuterroremincumrevaluit.
1080 2604 1214 2697 Neque

136 2728 237 2801 enim
262 2725 359 2800 inani
383 2738 519 2800 conatu
540 2722 575 2797 ie
600 2714 779 2797 hereticis
804 2721 1000 2819 opposuit,
1036 2726 1102 2817 'qui
1125 2727 1213 2803 licet

136 2865 218 2922 non
243 2847 460 2938 obtinuerit,
486 2844 585 2938 quod
597 2844 670 2916 hoc
681 2844 807 2916 libello
821 2842 1008 2937 poscebat,
1035 2860 1213 2925 eoscerte

135 2965 358 3043 infirmitatis
375 2965 443 3040 suae
460 2965 638 3038 convicit.
688 2961 744 3036 Ita
762 2966 868 3040 etiarn
885 2967 953 3041 hac
972 2967 1079 3042 animi
1095 2966 1145 3042 sui
1171 2967 1213 3046 ss·

139 3085 378 3188 gnificatione
397 3086 490 3181 apud
505 3105 633 3161 ornnes
653 3087 795 3177 paravit
810 3085 871 3160 sibi
886 3082 1016 3172 fidem,
1042 3099 1102 3172 ut,
1128 3110 1213 3167 cunr

139 3210 253 3306 paulo
273 3205 356 3316 post
369 3205 546 3300 asperiora
559 3205 597 3278 in
614 3201 863 3293 Constantium
878 3203 1086 3301 scripturus,
1113 3212 1213 3288 nulla

140 3328 178 3406 se
195 3327 435 3422 impatientia,
458 3325 568 3399 nuliis
585 3324 747 3401 humanis
762 3324 946 3403 affeiiibus
964 3331 1007 3404 ad
1023 3331 1060 3406 id
1075 3332 1213 3428 impelli

140 3448 307 3545 diceret,
332 3447 553 3523 crederetur.

384 3571 460 3644 Lib.
474 3582 587 3639 centra
604 3563 825 3661 ontinenam
842 3564 973 3661 August,

244 3682 1071 3786 HocopusinMs.Colbertino&Martiniano,
1091 3694 1217 3791 epistola

143 3809 573 3904 nonrnalenuncupatur,
584 3807 829 3899 quamvianon
838 3807 992 3902 placeat,
1002 3814 1146 3902 quodin
1159 3815 1218 3891 iia·

144 3929 229 4005 ciem
243 3932 285 4002 ad
295 3931 513 4026 Constantium
523 3931 742 4021 imperatorem
759 3926 942 4021 transrmffi
957 3929 1219 4012 subindenote.

144 4061 220 4130 tur.
254 4046 1104 4143 Adcoseninrepistolatransmiiiacensendaest,
1123 4073 1218 4147 quoe

143 4173 242 4248 illiue
259 4171 861 4264 scriptorinprincipioalloquitur,
882 4173 1220 4265 nonadquosdeiu·

85 4337 112 4386 ,-
145 4286 1220 4396 deperlocutioncnfiguratamsermonenconvertit.Toto

315 4427 321 4434 ’
1055 4432 1183 4504 autem
