2742 4959
150 174 1205 542 u

749 551 756 570 Ι

370 575 374 584 ι

190 637 333 776 ’.ν
424 665 663 773 1)ἰίῗηῖ
710 683 847 774 xli*
1081 717 1153 792 44¹

150 871 185 940 'ae
205 857 271 936 tibi
292 855 473 954 innuitur:
499 857 621 955 &ego
634 869 772 932 natura
791 851 860 931 sue
874 879 920 932 ex
940 869 1060 952 tepet
1078 863 1157 934 uni·

150 966 252 1040 ntum
266 974 368 1035 tuum
386 959 562 1035 manentia
578 960 779 1051 potentiam
798 960 991 1034 creationis
1009 959 1158 1035 nomine

150 1062 300 1139 nmodo
316 1060 488 1152 eloquar,
513 1055 573 1132 sed
594 1059 703 1134 etiam
718 1055 930 1132 infamabo?
968 1057 1079 1134 Nulla
1097 1049 1155 1156 te,
1226 1093 1229 1102 ·

150 1169 155 1238 i
173 1184 231 1237 res
248 1177 310 1236 tua
327 1173 509 1254 penetrat:
544 1179 614 1232 nec
628 1156 849 1250 profundum
866 1157 1041 1258 immense
1053 1161 1159 1251 maje-

150 1264 192 1337 tis
203 1279 287 1356 tuae,
313 1261 521 1356 peregrine,
547 1270 656 1351 atque
672 1257 795 1332 alienu
808 1277 829 1330 a
842 1270 880 1333 te
896 1260 1040 1333 virtutis
1056 1257 1159 1335 causa

150 1363 252 1438 titur.
298 1355 499 1450 Tuunrest,
526 1357 698 1450 quidquid
710 1371 748 1432 te
761 1357 846 1431 init:
872 1369 990 1452 neque
1004 1360 1158 1437 alienuui

150 1486 177 1538 :e
192 1461 261 1555 est,
288 1457 457 1552 quidquid
474 1459 613 1532 virtute
629 1455 816 1533 sctuttntis
833 1457 933 1533 inest.

171 1566 229 1652 56.
257 1559 348 1633 Mihi
380 1572 499 1632 autern
521 1557 767 1632 inenarrabilia
790 1555 861 1649 est,
890 1559 991 1651 cuiue
1009 1579 1080 1651 pro
1102 1580 1161 1635 me

150 1664 183 1737 iri
198 1660 453 1750 inenprrabiles
468 1655 721 1750 suntloqueiae.
772 1652 868 1732 Nam
876 1672 917 1731 ut
927 1661 964 1732 in
974 1681 1034 1743 eo,
1060 1662 1162 1752 quoti

150 1777 181 1835 te
201 1771 334 1834 eterna
351 1772 518 1851 tempora
531 1756 748 1856 Unigenitur
765 1771 849 1830 tuus
864 1779 908 1831 ex
928 1774 965 1833 te
980 1775 1084 1834 netur
1098 1754 1163 1854 est,

150 1859 253 1934 sante
263 1859 365 1933 omni
377 1858 610 1954 ambiguitate
623 1855 818 1950 sermonis,
843 1872 950 1951 atque
963 1861 1163 1957 intelligenss

150 1957 403 2051 edifficuitate,
434 1953 568 2051 sonum,
605 1959 706 2052 quod
723 1971 827 2030 natus
846 1956 933 2050 est,·
949 1972 1086 2035 munet:
1112 1961 1163 2034 itu

151 2060 199 2132 od
217 2061 265 2132 ex'
281 2074 320 2133 te
336 2077 401 2152 per
415 2077 496 2135 eum
512 2056 648 2134 sanstus
662 2055 813 2151 Spiritus
828 2073 910 2131 tuus
924 2059 987 2150 est,
1014 2061 1075 2132 etsi
1090 2059 1165 2132 sen·

154 2158 297 2251 quidem
312 2179 388 2232 nun
408 2159 617 2254 percipiam,
642 2155 835 2231 sedtamen
851 2169 963 2258 teneo
982 2159 1166 2258 constitui

153 2317 161 2334 .
204 2257 255 2335 Jn
271 2256 485 2352 spiritalibus
503 2259 598 2333 enim
613 2257 810 2333 rabuntuis
822 2256 933 2332 hebes
951 2258 1052 2353 sum,
1077 2258 1167 2334 Uni*

150 2360 229 2431 nito
243 2375 310 2432 tuo
324 2357 488 2434 dicente:
513 2362 568 2434 Ne
579 2363 718 2445 mimis,
743 2359 822 2456 quod
834 2360 968 2429 dixerim
984 2363 1054 2445 ribi,
1080 2381 1169 2456 opor·

168 2484 223 2530 urs
244 2457 332 2550 nasci
346 2460 456 2532 denuo.
507 2463 669 2556 Spiritus,
697 2458 753 2530 uir·
767 2460 853 2539 uuit,
867 2457 985 2555 spirat,
1011 2459 1050 2537 (5
1063 2485 1168 2531 vocem

150 2585 169 2628 ’s
182 2560 296 2647 audis3
322 2560 376 2651 sed
391 2559 508 2648 nescis,
539 2562 622 2633 unde
637 2566 776 2654 ueniat,
801 2559 840 2634 U
857 2585 916 2656 qun
938 2579 1002 2637 ear.
1056 2565 1109 2631 Sic
1128 2562 1168 2657 tsi

152 2667 220 2753 uis,
244 2669 300 2756 qui
313 2677 412 2731 ηοω
427 2661 466 2756 eft
482 2686 521 2731 ex
533 2686 617 2756 aqua
634 2661 673 2734 Θ
690 2662 819 2754 Spiritu
830 2658 955 2746 sitnisi.
1006 2660 1168 2757 Regene-

150 2760 258 2830 tionis
273 2781 361 2831 mete
375 2756 482 2831 fidem
502 2758 671 2832 obtinens
687 2755 829 2831 nescio:
855 2757 1003 2850 &qtrod
1021 2760 1169 2854 ignoro,

150 2880 174 2930 n
193 2871 315 2931 teneo.
367 2857 450 2929 Sine
462 2854 561 2930 sensu
578 2859 672 2931 enirn
692 2874 775 2931 meo
791 2856 959 2930 renascor
974 2879 1055 2933 curn
1066 2855 1170 2932 effici-

150 2958 204 3029 ,tia
230 2954 446 3031 renascendi.
512 2956 649 3031 Modus
671 2972 791 3030 autem
815 2955 962 3051 Spiritui
982 2960 1100 3033 nuilut
1119 2957 1172 3032 est

150 3057 284 3147 quenti,
309 3075 392 3130 cum
406 3057 636 3151 velit-’quud
652 3057 756 3152 velit,
781 3057 842 3131 ubi
856 3059 958 3134 velit.
1008 3055 1172 3150 Etcujns

152 3159 290 3251 euntia,
328 3170 437 3250 atque
460 3155 623 3233 abeuntis
643 3155 770 3247 causa,
805 3153 867 3229 sub
893 3156 1174 3234 assistentislicet

150 3256 339 3346 nscientia,
364 3254 554 3348 nesciatur,
580 3259 684 3352 hujus
703 3270 864 3332 naturam
879 3259 975 3332 inter
992 3271 1176 3332 creaturas

151 3357 275 3448 feram,
302 3356 496 3456 &originis
514 3359 580 3432 suae
596 3355 1058 3433 definitionemoderabori
1087 3358 1176 3434 Om-

151 3459 322 3547 squidem
336 3454 427 3531 setin
437 3479 502 3552 per
513 3457 656 3553 Filium,
681 3461 741 3552 qui
753 3458 845 3551 apud
858 3473 896 3531 te
905 3457 1176 3552 Deuminprin·

150 3558 209 3648 pio
220 3572 297 3631 erat
306 3555 407 3632 Deut
417 3558 594 3656 Verbum,
620 3561 779 3655 Joannea
789 3573 873 3631 tuus
881 3557 1054 3649 loquitur.
1105 3558 1177 3633 Sed

153 3670 232 3729 eata
246 3658 412 3733 ornnirin
430 3679 477 3733 eu
495 3660 532 3734 in
547 3661 654 3753 caelis,
680 3657 876 3733 &interra
891 3657 1052 3750 visibilia,
1079 3657 1177 3732 &in-

153 3755 261 3829 srbilia
285 3755 412 3831 Prqus
433 3770 628 3834 enumerat
679 3753 729 3830 Et
744 3777 825 3846 eum
842 3755 1008 3834 universe
1020 3760 1057 3832 in
1075 3756 1179 3831 Chri·

150 3876 191 3946 ο,
230 3853 264 3928 t:
289 3876 354 3949 per
380 3856 558 3933 Christum
572 3870 693 3932 creata
708 3873 944 3949 memorarem
982 3859 1027 3932 de
1042 3857 1178 3954 Spiritu

150 3952 234 4028 nsiu
260 3952 492 4034 sufficientem
514 3956 575 4033 fibi
597 3954 892 4055 fignificationern
912 3981 989 4036 eam
1009 3956 1182 4033 existima·

150 4058 192 4149 it,
231 4056 328 4146 quod
351 4057 447 4131 hunc
473 4058 645 4152 Spiritum
676 4074 778 4132 tuutn
802 4058 949 4136 diceret
1013 4055 1105 4131 Cum
1126 4058 1182 4132 hia

150 4175 184 4248 go
214 4156 364 4247 proprie
387 4154 507 4251 eletiis
534 4162 600 4233 tibi
629 4159 717 4232 viria
740 4160 815 4232 hac
836 4160 886 4231 ita
911 4155 1078 4249 sentiam,
1115 4170 1180 4249 ut,

150 4265 205 4327 :ut
218 4256 305 4328 nihii
324 4257 418 4328 aliud
433 4259 527 4332 ultra
543 4257 677 4335 sensum
691 4259 938 4356 intelligentie
957 4279 1044 4332 meae
1058 4255 1184 4331 secun·

150 4375 199 4439 uu
216 4376 281 4435 eut
296 4353 342 4433 de
357 4355 559 4458 Unigenito
577 4375 642 4536 ῑέο
658 4359 795 4454 dicam,
820 4379 924 4452 quam
942 4355 1011 4434 effe
1032 4369 1181 4446 natum,

176 4465 202 4508 ⁴·'
242 4467 245 4471 '
317 4459 350 4468 '‘
391 4454 396 4466 '
634 4481 704 4550 es
1084 4457 1136 4534 itu
