2742 4959
204 683 353 756 munt
541 667 579 749 S.-
628 667 931 749 Httsnrr

127 860 132 873 ’
208 836 299 912 teris
314 827 485 928 juvandis
499 842 645 932 netum,
672 834 789 910 varias
808 832 989 910 sirmondi
1004 831 1179 931 sessiones
1200 831 1278 933 sup·

119 1048 122 1062 ι
207 954 428 1058 peditando,
451 948 621 1045 iasiurarn
639 954 733 1028 benc
751 954 815 1031 libi
836 969 1020 1047 utcunque
1045 953 1274 1034 resarciville.

308 1073 376 1151 His
389 1070 549 1165 secedit,
576 1073 675 1167 quod
692 1094 773 1151 cunr
789 1071 967 1150 Batonius
984 1072 1028 1147 sd
1047 1091 1177 1149 annum
1193 1097 1276 1169 357.

206 1220 255 1277 ex
278 1184 520 1269 cresconiano
544 1193 782 1289 collestioue,
810 1205 859 1269 'ac
876 1191 1019 1268 duobus
1035 1189 1124 1269 Mis.
1139 1190 1276 1272 Liberii

205 1322 343 1397 litteras
361 1312 485 1411 fragm.
501 1311 569 1390 Vi.
581 1309 729 1389 insertas
740 1311 929 1408 describat,
955 1314 991 1387 in
1004 1313 1190 1390 novillima
1203 1315 1276 1389 edi·

205 1443 312 1516 tione
330 1433 466 1510 fatetur
485 1432 523 1508 se
540 1432 577 1508 in
593 1432 662 1509 sois
677 1430 766 1511 Mss.
785 1431 949 1529 easdem,
985 1455 1071 1528 quas
1086 1436 1123 1508 in
1137 1432 1192 1507 his
1206 1432 1277 1508 ira·

116 1625 120 1636 .
203 1555 359 1660 grauatis
374 1550 542 1651 reperisse
554 1549 880 1650 interpolationes,
905 1551 1048 1630 Hilario
1064 1554 1199 1652 pariter
1214 1553 1275 1630 ad·

202 1677 363 1773 scriptas.
943 1671 945 1676 ’

304 1789 395 1872 Mis}
409 1789 620 1891 suffragatur
636 1789 895 1888 Hieronymus.
947 1790 1021 1895 Qui
1036 1790 1130 1870 enim
1146 1793 1191 1871 ab
1204 1795 1271 1872 illo

205 1918 253 1998 de
267 1915 387 2015 script.
402 1909 502 1989 Eccl.
513 1914 609 1988 inter
625 1932 738 2008 opera
747 1907 876 1989 Hilarii
892 1909 1098 1989 recensetur
1110 1915 1203 1991 liber
1213 1917 1273 1992 ad·

202 2038 329 2118 versus
355 2034 551 2111 Valentem
581 2032 762 2111 &Ursae⁸
780 2031 963 2110 historiam
980 2035 1271 2113 Ariminensrs&

201 2159 347 2236 Selene.
371 2155 499 2253 synodi
515 2154 729 2249 continens,
762 2154 856 2230 haud
876 2154 1028 2229 obscure
1043 2155 1270 2252 promittitur

156 2331 160 2336 -
200 2279 313 2354 titulo
333 2276 371 2349 iu
393 2275 517 2349 fronte
537 2270 661 2370 fragm.
682 2269 710 2349 1.
727 2288 955 2365 prenotato:
990 2272 1160 2368 „Incipit
1175 2275 1269 2348 liber

200 2389 883 2487 surrentinae.Provincraenqurt.,
909 2391 1268 2491 inquosuntomuia,

200 2542 281 2617 que
298 2515 492 2593 ostendunt
510 2511 571 2588 vel
582 2513 785 2607 quomodo,
813 2515 1023 2608 quibusnam
1037 2513 1162 2610 caulis,
1187 2513 1269 2608 qul·

199 2641 270 2717 bus
288 2637 496 2714 instantibus
513 2634 576 2710 sub
594 2629 683 2729 imp.
703 2631 915 2710 constantio
927 2631 1119 2739 fatlumeli
1132 2632 1268 2712 Arimi·

199 2757 309 2838 nense
325 2757 531 2834 concilium.
540 2755 569 2797 “
589 2752 656 2829 dte.
708 2749 1057 2850 Expreliiustantum
1075 2755 1166 2831 dixit
1179 2756 1267 2830 Hie·

197 2900 394 2975 rouymus:
421 2871 639 2967 „Adversus
651 2870 837 2951 Ursacium
856 2875 1139 2974 &Valenten,“
1165 2873 1272 2970 quod

197 3001 258 3076 bic
274 2998 473 3097 generalius
482 2994 706 3069 enuntiatum
720 2993 788 3069 eli:
815 3047 842 3088 „
853 2999 1040 3089 quomodo
1053 2997 1265 3091 quibusnam

197 3118 324 3207 caulis,
341 3111 734 3208 quibusinstanribus.“
768 3111 1263 3215 Namquodbaeciragmentn

194 3240 265 3319 unt
277 3237 398 3335 operis
410 3230 577 3309 adversus
588 3231 1020 3312 ValentemdrUrsaciurn
1031 3236 1162 3331 scripti,
1176 3253 1259 3311 cum

196 3379 246 3436 ex
266 3359 361 3449 aliis,
387 3370 465 3430 tum
480 3357 633 3433 maxime
648 3374 695 3430 ex
716 3354 895 3448 secundo,
922 3357 1087 3447 decimo,
1113 3356 1261 3427 aeduo-

194 3479 263 3555 btu
286 3473 475 3571 postremis
499 3472 550 3549 est
572 3463 811 3553 manifestum
855 3470 1001 3551 Titulus
1033 3471 1174 3567 quidem
1194 3471 1259 3551 iste

195 3598 243 3674 de
263 3594 479 3672 Seleucienfi
496 3594 656 3669 coneilio
670 3594 758 3669 nihil
772 3590 939 3689 spondet,
965 3591 1064 3685 cujus
1076 3594 1261 3669 tamenhi·

192 3717 361 3810 storiam,
386 3712 578 3791 secundum
592 3712 879 3812 Hieronymum,
904 3712 1031 3790 Hilarii
1044 3713 1136 3788 liber
1147 3716 1257 3792 debet

193 3838 396 3915 continere.
456 3830 511 3908 At
532 3832 799 3930 Hieronymus,
838 3832 924 3929 qul(
950 3848 993 3908 ut
1013 3834 1057 3909 ad
1076 3835 1189 3910 libros
1210 3837 1257 3912 ds

192 3951 394 4037 Trinitate,
431 3971 474 4026 ae
501 3950 548 4031 de
565 3953 711 4051 synodis
729 3953 959 4032 observatum
979 3953 1050 4052 est,
1083 3958 1256 4053 oporibus
1279 3932 1290 3954 ⁶

191 4079 344 4154 iliorum
368 4068 549 4170 inspeetis,
583 4074 710 4150 titulos
735 4075 781 4150 de
799 4071 864 4150 suo
887 4074 1076 4173 imponere
1090 4074 1256 4173 solebat,

189 4193 236 4273 sd
253 4191 480 4272 Seleuciense
495 4193 689 4270 concillum
707 4177 849 4269 referre
865 4198 989 4291 potuit
1007 4198 1253 4291 monimenta,

190 4313 401 4418 manaym.
409 4311 453 4393 X.
461 4315 654 4411 habentur,
679 4312 928 4395 &iudicentur
937 4316 1110 4397 secutura.
1141 4314 1253 4394 Nun·

1132 4454 1204 4534 que
