2742 4959
143 683 189 742 vt
307 662 344 742 S.
369 663 587 764 Hsusnrr,
610 666 804 750 Prcra'v.
830 668 1053 749 Enrscorr

149 823 417 922 Orientalium,
451 831 513 924 qui
537 831 632 928 apud
647 831 908 927 imperatorem
930 834 1194 929 prepollebant

149 945 450 1026 benevolentiam
465 949 528 1027 stbi
543 951 773 1029 necessariam
789 967 908 1046 retus,
933 955 1145 1048 propensius
1160 979 1199 1030 es

149 1065 237 1143 inde
251 1083 397 1162 captare
414 1091 492 1146 eam
506 1071 651 1151 studuit.
702 1073 763 1148 Ae
778 1076 864 1149 licet
881 1076 954 1150 hoc
969 1074 1003 1150 se
1019 1097 1066 1148 eo
1078 1077 1199 1152 saciliu

152 1187 432 1264 consecuturum
448 1189 619 1288 speraret,
645 1215 736 1290 quo,
763 1217 844 1271 curn
859 1195 1065 1270 orientales
1077 1197 1199 1271 Ariani

153 1327 238 1384 acre
252 1310 387 1386 bellurn
398 1311 625 1410 indixissent,
650 1317 765 1392 minus
776 1317 848 1411 jam
866 1317 1138 1392 abhorrerenta
1155 1316 1199 1390 Cr

153 1425 326 1524 tholicis,
349 1429 418 1506 hos
432 1433 529 1512 inter
547 1435 680 1512 &illos
700 1455 766 1532 per
779 1437 996 1514 homoeusros
1011 1435 1199 1512 formulam

152 1549 273 1624 veluti
292 1551 425 1648 medii,
455 1555 494 1630 id
512 1571 634 1634 tamen
650 1555 714 1633 fibi
730 1569 807 1632 erte
822 1555 1090 1652 procurandum
1107 1559 1199 1632 duxit

155 1669 243 1771 Qua
255 1685 377 1750 autem
392 1675 435 1750 stt
448 1676 545 1774 usus,
570 1675 753 1772 sequentia
766 1675 861 1753 illius
870 1677 967 1776 geste
976 1680 1199 1772 explicabunt

227 1789 615 1884 LitteraenGallicpnis
628 1795 832 1892 Episcopis,
856 1799 917 1892 qui
927 1797 973 1874 de
981 1798 1198 1876 Orientaliur

153 1913 264 1988 rebus
277 1919 454 1992 certiores
465 1920 510 1994 ab
518 1895 566 1994 eb
579 1914 657 1994 lieri
667 1917 909 2016 postulabant,
930 1919 992 1996 libi
1010 1918 1160 2016 scripte,
1178 1923 1198 1994 li

154 2036 211 2113 bri
226 2037 272 2116 de
282 2038 429 2139 synodis
438 2039 568 2116 edendl
585 2039 812 2116 occassonem
827 2037 968 2116 lsrlarlo
978 2043 1198 2138 prebuerun·

157 2195 171 2226 ι
228 2161 272 2238 ln
296 2163 372 2248 hoc
386 2177 507 2238 eutem
524 2159 562 2235 sd
578 2161 673 2260 a'git,
708 2171 847 2234 utnon
867 2161 1034 2256 ignarus,
1070 2161 1198 2236 Gallos

157 2280 441 2377 Orientalesque
459 2284 593 2358 mutuis
612 2280 871 2376 suspicionibus
887 2279 1054 2376 detineri,
1078 2303 1137 2358 ees
1149 2291 1198 2357 nd

157 2417 327 2503 augeret,
352 2403 413 2480 sed
426 2401 668 2494 imminueret,
696 2401 919 2493 &utrosque
933 2401 978 2475 ad
993 2404 1198 2478 concordias

157 2524 377 2620 inproxime
391 2523 565 2601 habendis
581 2521 757 2597 conciliis
774 2519 981 2598 firmandam
997 2543 1197 2620 preparare

156 2645 246 2720 Hoc
260 2643 335 2722 line
354 2641 556 2722 sermonem
570 2645 621 2718 ita
637 2643 879 2738 temperavit,
914 2657 958 2717 ut
974 2644 1008 2718 bt
1022 2644 1083 2719 srbi
1104 2667 1198 2720 cone

155 2768 264 2858 lieret
286 2765 514 2861 Orientales,
548 2787 618 2868 nec
639 2763 768 2859 justam
796 2759 943 2840 ossense
959 2765 1098 2841 causam
1117 2766 1197 2842 Gall

154 2889 393 2980 relinqueret.
443 2887 533 2964 Illos
547 2905 663 2980 porro
676 2885 724 2958 fic
731 2885 910 2978 judicavit
920 2885 1139 2981 tradendos,
1166 2909 1197 2958 v·

156 3008 217 3081 lut
241 3008 302 3100 qui
325 3029 373 3082 ex
395 3010 529 3080 morbo
552 3005 873 3100 convalescerent,
910 3005 944 3079 bt
971 3009 1010 3082 in
1032 3009 1197 3100 quibust

156 3117 522 3224 effetlpespesrettae
535 3111 707 3216 lbnltatis,
732 3137 775 3196 ut
787 3125 1006 3222 egritudinis
1015 3127 1197 3223 pristinaer·

156 3248 280 3341 liquis
301 3269 378 3322 non
400 3245 571 3322 deessent.
634 3243 803 3320 Fovendi
829 3247 946 3322 adhuc
972 3263 1096 3340 erant,
1134 3249 1197 3342 adjt

158 3369 271 3444 tandi
290 3381 407 3463 erant,
434 3369 470 3442 dc
489 3368 534 3442 ub
546 3369 680 3442 erroris
699 3365 885 3461 profundo
900 3367 1156 3468 assurgentibus
1171 3391 1197 3446 at

159 3489 656 3583 xiliarismanus'prebenda,
681 3499 725 3560 ut
737 3487 821 3560 inde
835 3489 978 3583 penitus
992 3510 1197 3589 emergeren

170 3631 176 3652 ¹
232 3609 335 3686 Huic
357 3611 504 3686 illorum
534 3607 732 3684 infirmitati
765 3631 904 3684 morem
931 3631 1058 3708 gerere
1080 3612 1197 3706 cupiet

160 3741 228 3808 eos
241 3731 357 3808 modo
373 3730 533 3823 excuset,
557 3730 671 3805 modo
689 3729 854 3805 laudibus
870 3731 1028 3819 extollit,
1054 3731 1196 3824 &ubiqt

161 3851 379 3928 aconviciis
395 3849 603 3928 seabstlnet.
658 3849 696 3922 T
698 3873 776 3944 urn,
810 3853 872 3924 ubi
889 3852 1047 3948 benigno
1067 3851 1196 3928 sermor

162 3972 269 4048 animi
292 3969 343 4046 sui
359 3969 538 4066 specimen
554 3972 606 4046 eis
620 3973 790 4066 prebuit,
826 3975 1018 4046 veritatem
1037 3975 1086 4047 ita
1101 3977 1196 4046 blane

160 4094 328 4189 insinuat,
353 4109 396 4168 ut
416 4093 510 4168 hanc
528 4113 606 4168 non
620 4093 768 4166 valeant
785 4090 929 4187 prorsus
946 4092 1123 4186 respuere.
1173 4091 1196 4163 S

164 4218 260 4292 enirn
283 4219 335 4292 eis
353 4214 534 4312 indulget,
559 4229 602 4288 ut
623 4213 704 4306 ipsis
722 4213 766 4286 ad
784 4233 908 4289 veram
927 4209 1126 4288 fidemnon
1144 4213 1196 4286 nil

164 4337 283 4416 deesse
298 4359 376 4416 nou
394 4333 600 4414 dissimulet:
626 4336 674 4410 lic
686 4331 846 4433 excusat,
872 4337 972 4432 quod
990 4331 1144 4410 unilidet
1158 4357 1196 4407 n<

1079 4452 1187 4531 stute-
