2742 4959
502 237 842 316 LrarnIX.
1139 251 1209 341 269

143 410 262 488 salutis
281 403 505 497 exsequitur,
533 402 674 476 dicens:
704 404 745 474 Io
761 427 818 499 quo
834 400 873 478 d
887 405 1051 499 circumcisi
1066 406 1131 502 estis
1147 413 1211 479 cir·

144 511 323 606 cumcifione
344 532 410 579 oron
431 527 528 576 mortu
536 504 651 596 faria,
676 508 714 573 in
727 508 932 601 expoliatione
945 512 1209 600 corporatorum,

137 615 194 707 sed
212 617 251 681 io
262 605 481 704 circumroserit
499 603 633 701 Christi,
659 600 830 698 consepulti
844 611 874 675 ei
894 611 932 677 'in
949 606 1145 702 baptismate,
1172 616 1210 682 in

142 737 205 812 quo
221 709 260 786 (5
275 706 545 801 conresurrexistis
555 725 614 801 ptr
624 706 722 793 fidem
735 709 924 799 operationis
939 710 1023 799 Dei,
1050 714 1107 803 qui
1125 715 1210 778 exci-

141 818 235 885 ravit
251 832 321 881 euos
337 835 359 880 a
373 813 519 881 mortuis.
570 801 868 886 circumcidimur
884 806 1024 898 itaque,
1051 829 1128 881 non
1143 809 1209 882 cir·

143 908 361 986 cumcisione
375 908 529 996 carnali,
554 902 613 977 sed
627 905 898 978 circumcisione
914 905 1061 999 Christi,
1087 909 1209 1002 idest,

140 1013 182 1085 in
199 1029 338 1084 novum
355 1008 538 1082 hominem
556 1003 684 1079 renati.
738 1001 829 1078 Cum
840 1006 934 1077 enim
949 1006 1211 1100 consepelimur

140 1111 356 1206 baptismate
379 1107 477 1199 ejus,
508 1091 601 1178 n'rori
617 1124 687 1176 nos
709 1102 850 1178 necesse
868 1102 919 1175 est
936 1129 979 1177 ex
1001 1123 1128 1181 vetere
1144 1109 1211 1181 ho-

139 1215 272 1299 mine3·
286 1208 369 1299 quia
379 1205 607 1302 regeneratio
620 1205 787 1296 baptismi
803 1202 1067 1278 resurreiiionis
1078 1206 1128 1281 est
1140 1209 1210 1280 vir-

140 1324 212 1387 tus.
264 1306 314 1380 Et
335 1308 411 1380 haec
431 1303 651 1378 circumcisio
671 1301 801 1378 Christi
823 1303 895 1396 est,
933 1326 1009 1378 non
1033 1309 1211 1397 expoliari

141 1431 251 1484 carne
263 1406 450 1501 praeputii,
483 1403 543 1478 sed
560 1421 664 1480 totos
686 1405 865 1478 commori
885 1404 941 1497 ei,
970 1405 1131 1499 &perid
1152 1421 1211 1481 to·

141 1525 203 1583 tos
225 1505 350 1603 postea
365 1507 398 1579 ei
418 1507 558 1579 vivere.
607 1504 650 1577 ln
664 1525 711 1578 eo
726 1506 819 1578 enim
832 1502 1044 1599 resurgimus
1055 1526 1119 1598 per
1131 1509 1208 1599 ejus

140 1608 214 1682 Dei
229 1605 353 1697 sidem,
381 1607 443 1695 qui
458 1626 539 1679 eum
549 1602 730 1677 suscitavit
745 1626 765 1675 a
780 1600 945 1678 mortuis.
998 1605 1210 1680 Credendus

143 1729 232 1804 ergo
258 1705 359 1778 Deus
382 1703 455 1797 est,
489 1707 589 1797 cujus
612 1704 827 1795 operatione
850 1700 1007 1776 Christus
1028 1705 1208 1781 excitatus

140 1808 331 1882 amortuis
351 1806 419 1877 est:
448 1806 530 1896 quia
547 1801 635 1875 fides
651 1801 714 1876 isto
728 1795 952 1910 conresurgit
969 1807 1005 1876 in
1020 1803 1175 1881 Christ0.
1224 1838 1226 1846 v

221 1929 276 1979 10.
305 1904 579 1978 Consummatur
598 1903 727 1976 deinde
741 1904 791 1975 ita
812 1924 921 1977 omne
937 1902 1073 1977 assumti
1093 1906 1211 1982 homi·

141 2006 198 2082 nis
215 2007 492 2080 sacramentum:
531 2004 580 2077 Et
600 2027 657 2076 oos
673 2008 792 2077 monui
808 2029 877 2074 rom
889 2003 990 2096 efficis
1010 2010 1047 2076 in
1064 2005 1208 2097 delisiir,
1238 2049 1240 2054 -

141 2111 181 2184 (5
195 2113 347 2204 preputio
362 2110 470 2178 cornis
488 2099 612 2202 ousta,
635 2106 828 2193 vivficevit
841 2129 910 2174 cum
927 2108 989 2191 iso,
1015 2108 1211 2178 donatisvo·

140 2210 188 2279 bis
202 2213 344 2279 omnihus
359 2205 502 2298 delitiis,
526 2207 656 2292 deserto,
677 2206 758 2304 quod
774 2205 938 2291 adversum
955 2229 1009 2274 roos
1026 2222 1115 2291 orat,
1140 2208 1211 2276 ciria

141 2312 328 2404 rogrophum
349 2314 386 2377 iro
400 2310 596 2395 sententiis,
629 2306 795 2400 quoderat
811 2308 1008 2374 contrarium
1028 2307 1135 2378 erosis:
1167 2306 1209 2382 θ’

140 2410 239 2504 ipsum
254 2412 335 2478 tulit
351 2431 366 2475 e
382 2409 502 2496 medio,
528 2402 663 2496 affigens
679 2399 757 2474 istd
770 2409 855 2472 cruci
868 2418 982 2474 exutus
998 2429 1142 2490 carnem,
1168 2406 1210 2482 (5

138 2508 297 2606 potestates
323 2504 460 2600 assensui
481 2504 536 2593 eſje
546 2503 647 2593 fecit,
681 2504 893 2597 triumphatis
906 2503 960 2571 his
983 2505 1207 2599 insemeripfo.

137 2605 391 2697 Apostolicam
410 2599 519 2676 fidem
533 2598 649 2673 saeculi
666 2601 780 2676 homo
800 2622 876 2674 non
890 2602 1007 2697 capit,
1034 2604 1067 2676 dt
1088 2602 1209 2703 sensus

138 2706 191 2782 sui
212 2704 304 2778 dista
323 2703 412 2778 alius
428 2711 679 2797 preterquam
695 2701 800 2794 ipsus
816 2698 932 2776 sermo
947 2723 1023 2777 non
1038 2706 1208 2797 explicat.

136 2807 242 2880 Deus
271 2802 450 2877 Christum
470 2823 491 2874 a
513 2800 666 2876 mortuis
691 2803 843 2896 excitat,
875 2801 1132 2898 &Christum,
1169 2805 1209 2879 in

139 2926 214 2997 quo
231 2903 472 2997 corporaliter
484 2900 681 2975 divinitatis
694 2902 884 2996 plenitudo
898 2905 1082 2978 inhabitat.
1135 2904 1208 2979 Sed

138 3004 421 3082 convivificavit
443 3024 514 3076 nos
531 3023 612 3077 cum
624 3002 715 3097 illu,
750 3004 887 3078 donans
903 3004 1007 3076 nobis
1024 3017 1202 3097 peccata,

137 3108 313 3181 &delens
335 3103 616 3200 chirographum
633 3105 720 3202 legis
740 3105 902 3196 peccati,
930 3106 1028 3194 quod
1044 3125 1108 3198 per
1129 3105 1205 3180 sen·

136 3210 268 3279 tentias
287 3205 487 3279 anteriores
501 3206 724 3278 contrarium
743 3205 955 3294 nobismet,
982 3205 1055 3279 hoc
1069 3207 1208 3279 tollens

137 3304 183 3377 de
208 3306 353 3400 medio,
392 3305 541 3377 &cruci
557 3301 725 3402 affigens,
759 3303 887 3377 mortis
907 3304 987 3398 lege
1005 3325 1111 3378 carne
1132 3303 1205 3378 sese

134 3404 304 3499 spolians,
330 3404 528 3498 potestates
546 3402 703 3476 ostentui
717 3404 885 3481 reddens,
909 3405 1134 3497 triumphatis
1149 3407 1203 3480 his

134 3508 174 3580 in
201 3502 409 3599 semetipso,
444 3504 549 3584 &de
571 3503 796 3599 triumphatis
826 3501 1064 3597 potestatibus
1091 3508 1127 3577 in
1153 3505 1206 3579 se·

85 3579 93 3760 Ι
132 3602 319 3698 metipso,
359 3619 466 3698 atque
498 3601 657 3678 ostentui
690 3604 865 3696 redditis,
903 3602 1099 3696 deletoque
1131 3604 1207 3677 chi.

134 3705 343 3804 rographo,
377 3700 646 3795 vivificatisque
658 3706 787 3798 nobis,
810 3706 883 3798 jam
901 3702 1057 3798 superius
1079 3704 1205 3778 tratia-

89 3881 92 3886 .
134 3809 266 3882 vimus.
317 3804 405 3878 Hoc
430 3823 523 3877 vero
544 3802 802 3880 sacramentum
829 3805 984 3896 quisvel
1004 3805 1204 3897 apprehen·

87 3899 94 3982 i
136 3905 218 3990 det,
244 3905 308 3980 vel
326 3901 545 3997 eloquetur?
576 3903 730 3980 suscitat
751 3906 919 3998 operatio
937 3903 1010 3977 Dei
1025 3903 1205 3980 Christum

85 3985 93 4148 j
135 4026 157 4084 a
175 4008 349 4094 mortuis,
381 4005 416 4081 &
433 4006 511 4084 hoec
529 4001 655 4084 eadem
671 3993 746 4085 Dei
766 4003 940 4106 operatio
953 4024 1033 4079 aas
1044 4000 1230 4077 sissimus

1107 4113 1208 4171 cum
1242 4113 1247 4118 ·
