2742 4959
411 673 632 751 Lraea
677 669 757 766 111.
1065 671 1136 762 61,

149 862 183 916 rs
206 849 283 913 erat
300 835 438 913 Filius?
464 837 631 930 Namque
646 848 752 912 natus
773 855 818 911 err
836 833 996 932 virgine,
1022 857 1116 913 acu·

160 942 311 1014 infantia
326 960 439 1030 usque
458 937 501 1012 ad
516 939 799 1012 consummatum
814 938 933 1010 virum
945 953 1112 1014 venerat:
1165 1007 1168 1016 .

149 1043 315 1121 omnum,
342 1039 496 1129 famem,
522 1039 635 1129 sitim,
661 1036 913 1128 lallltudincm,
938 1038 1115 1130 lacrymas

151 1163 231 1216 nam
251 1153 397 1237 egerat,
438 1138 546 1213 etiarn
567 1157 664 1212 nunc
684 1134 958 1232 conspuendus,
996 1136 1042 1212 fia
1068 1138 1117 1213 cl·

149 1264 186 1335 rs,
213 1238 486 1335 crucifigendus.
537 1238 636 1338 Quid
649 1234 757 1334 ergo?
783 1235 904 1311 Nobis
917 1233 1030 1312 solum
1044 1157 1116 1314 {ro-

149 1364 178 1416 m
195 1343 230 1414 in
253 1339 396 1414 Christo
415 1339 493 1415 haec
511 1351 614 1410 erant
635 1333 908 1410 contestatura?
944 1334 1014 1411 Sed
1035 1357 1115 1414 non

149 1442 439 1534 andimurcruce,
464 1458 541 1511 non
553 1437 702 1533 flagellis
719 1436 1009 1528 praedamnamur,
1035 1459 1115 1513 non

149 1565 157 1615 r
189 1539 420 1614 sordidamur.
485 1533 668 1612 clarificat
690 1535 796 1608 Pater
819 1535 958 1611 Filium.
1022 1540 1113 1639 Quo

149 1640 195 1713 ›l-
216 1639 378 1713 Tandem
394 1636 564 1736 suffigitur
581 1637 692 1712 cruci.
744 1634 887 1709 Deinde
902 1638 987 1726 quid
1002 1636 1114 1732 sequi·
1162 1639 1166 1648 ’

160 1740 313 1813 Solnon
330 1740 479 1831 occidit,
506 1736 724 1835 sedrefugit.
775 1736 874 1836 Quid
887 1735 1052 1833 refugill'e
1063 1738 1115 1811 di·
1184 1821 1192 1828 ,

165 1840 254 1913 Non
271 1852 439 1935 receptus
454 1840 491 1910 in
512 1839 646 1911 nubem
666 1834 739 1926 est,
764 1835 887 1908 sedda
906 1835 1008 1911 cursu
1027 1859 1116 1931 ope·

150 1940 269 2013 eiecit:
297 1937 530 2009 &interitum
549 1934 647 2007 suurn
671 1955 752 2008 cum
772 1954 819 2007 eo
836 1935 973 2026 reliqua
990 1935 1115 2009 mundi

150 2052 229 2111 enta
250 2036 449 2109 senscrunt:
481 2032 579 2108 &ne
590 2035 674 2106 huic
691 2031 845 2105 facinori
861 2034 942 2107 ulle
959 2034 1117 2109 caelestes

150 2136 284 2210 ariones
308 2132 536 2216 interessent,
574 2131 833 2208 interceffionis
847 2134 951 2229 hujus
970 2134 1118 2211 necelll·

150 2238 293 2327 quadam
311 2233 360 2307 sui
373 2233 575 2308 abolitione
589 2244 792 2307 caruerunt.
844 2230 1115 2328 Sedtcrraquid

150 2336 165 2408 2
192 2336 250 2409 Ad
271 2355 364 2411 onus
383 2334 532 2408 Domini
546 2335 583 2409 in
600 2334 700 2433 ligno
714 2331 901 2425 pendentis
914 2335 1116 2430 intremuit,

174 2438 233 2531 qui
254 2435 450 2511 moriturus
466 2447 556 2530 erat,
583 2436 677 2508 intra
696 2431 733 2507 se
752 2434 954 2510 contestata
968 2457 1045 2511 non
1059 2457 1119 2511 ca·

202 2535 433 2628 Numquid&
448 2536 655 2630 portionem
666 2532 878 2627 suam'rupes
892 2534 1015 2609 &saxa
1027 2557 1116 2611 con·

150 2635 211 2710 nt?
245 2636 313 2710 Sed
337 2651 445 2730 rupta
465 2635 648 2717 diffidunt,
689 2632 724 2704 dt
739 2647 900 2707 naturam
918 2634 1013 2707 suam
1034 2655 1116 2728 per-

150 2791 159 2829 ,
186 2734 378 2826 caesamque
397 2755 443 2806 ex
459 2733 494 2807 se
506 2731 921 2808 arcamincontinentern
933 2734 1117 2808 condendi

150 2839 218 2908 eris
236 2833 473 2908 confitentur.

156 2956 186 3009 1.
214 2934 313 3031 Quid
342 2933 385 3004 ad
412 2928 514 3004 haecl
549 2928 753 3006 Proclamat
772 2951 919 3026 quoque
945 2934 1113 3010 canturio

155 3034 239 3126 rtis,
267 3034 301 3106 dr
325 3033 442 3105 crucis
464 3030 605 3104 custos:
630 3032 732 3107 Vere
749 3029 819 3108 Dei
833 3029 1020 3133 filiuserat
1038 3033 1116 3112 istc.

150 3149 225 3204 rura
239 3132 488 3207 intercelfione
508 3132 613 3224 huius
632 3131 765 3226 piaculi
783 3134 974 3225 liberatum
1006 3131 1116 3212 firmi·

150 3258 161 3306 r
182 3234 215 3305 dr
233 3238 405 3306 virtutem
425 3231 503 3304 saxa
522 3253 599 3305 non
616 3233 788 3310 retinent.
840 3236 915 3334 Qui
936 3237 1033 3309 cruci
1045 3234 1117 3311 affi-

151 3349 201 3427 rt,
240 3354 328 3408 vere
350 3333 421 3405 Dei
445 3328 557 3406 filium
586 3329 828 3408 confitentur:
866 3336 1116 3428 predicationi

151 3436 228 3507 :ntit
245 3432 405 3508 effeetus.
458 3432 638 3507 Dominus
652 3433 812 3508 dixerata
840 3433 990 3526 diariJica
1001 3437 1116 3528 filium

151 3590 154 3605 .
204 3532 292 3607 Non
316 3533 429 3606 solum
447 3534 596 3606 nomine
611 3532 835 3607 contestatus
853 3533 905 3608 est
923 3534 995 3612 ell’e
1013 3535 1050 3611 se
1073 3535 1116 3611 li·

151 3690 155 3721 ‚
193 3634 251 3707 scd
280 3632 581 3725 depromente,
619 3654 690 3726 qua
710 3632 967 3709 diciturrurnr:
1001 3633 1117 3712 Multi

163 3754 230 3804 nos
256 3730 317 3804 lilii
333 3733 418 3823 Dei,
445 3731 504 3805 sed
525 3753 602 3804 non
622 3733 702 3805 talis
722 3733 781 3805 hic
798 3729 909 3809 filius:
936 3736 1117 3813 Hicenim

151 3853 222 3903 erus
243 3832 276 3902 dr
295 3835 463 3926 proprius
483 3829 535 3905 est
558 3828 675 3926 lilius,
715 3831 874 3930 origine,
908 3857 985 3911 non
1005 3837 1118 3932 adop·

151 3956 176 4018 23
204 3932 371 4025 varitate,
397 3951 475 4005 non
489 3932 787 4025 nuncupationea¹
807 3936 1012 4027 nativitate,
1038 3958 1119 4012 nou

153 4032 249 4104 ione.
300 4023 400 4127 Ergo
422 4031 503 4125 post
526 4028 821 4107 clarificationem
846 4037 946 4132 ejus,
981 4037 1116 4110 verita·

151 4129 317 4204 :onfellio
334 4130 525 4205 consecuta
541 4130 602 4207 est.
655 4131 896 4211 Nam-verum
912 4137 983 4209 Dei
1000 4133 1119 4212 filiurn

152 4232 219 4302 uio
247 4226 466 4320 confitetur3
499 4250 546 4305 ne
566 4232 643 4323 quis
656 4231 879 4312 credentium
895 4236 1120 4336 ambigeret,

172 4331 285 4417 homo
302 4329 588 4429 persequentium
609 4352 688 4409 non
701 4332 866 4433 negasset.
993 4432 1018 4509 s
1041 4434 1072 4512 d

911 4455 969 4512 aa.
1019 4457 1042 4514 e
