2742 4959
404 765 473 824 ou
509 721 785 839 Sinonia}
823 742 1010 824 Lrara.
1165 767 1242 848 499

150 915 311 1010 videri,
333 909 511 986 ”narinus
531 908 625 1002 apud
644 927 711 984 eos
736 906 932 1005 dignitate,
959 909 1142 1001 claritate,
1168 933 1241 985 ma*

150 1017 297 1116 ’estate
316 1009 509 1087 differret?
543 1011 602 1082 An
621 1008 655 1082 dt
675 1009 751 1083 hoc
767 1031 813 1082 ex
829 1009 1033 1104 ignorantia
1050 1012 1173 1104 venit,
1200 1026 1242 1086 ut

152 1123 255 1196 ¹(tum
275 1113 413 1190 caeteria
431 1107 715 1202 ramsubjettus
732 1108 920 1198 insilias,
951 1121 1012 1201 ut,
1049 1109 1131 1184 dum
1157 1132 1240 1188 cum

151 1218 312 1300 caeteria
336 1211 539 1304 subjicitur,
573 1229 650 1282 non
667 1209 885 1282 discernatur
906 1231 924 1280 a
942 1208 1109 1282 caeteris?
1149 1211 1241 1287 Cu'm

150 1315 343 1412 §ubjedtio
357 1311 438 1387 Filii
450 1325 588 1383 naturae
603 1309 718 1400 pietas
742 1308 805 1403 srt,
840 1306 1010 1400 subjectio
1032 1326 1150 1383 autem
1176 1333 1241 1384 cae·

150 1433 337 1496 terorum
352 1411 547 1485 creationis
556 1405 742 1484 infirmitas
751 1408 803 1484 stt.
856 1407 990 1482 Passum
1001 1411 1142 1501 quidem
1157 1409 1242 1485 scie2

150 1519 277 1596 duent:
313 1513 373 1586 sed
401 1512 542 1604 dicant,
576 1529 668 1602 oro,
705 1506 922 1601 compassum
942 1511 1085 1600 quando
1103 1532 1241 1606 cogno·¹

156 1612 334 1694 verunt?
370 1607 523 1682 Evieant
538 1609 779 1702 homousion,
820 1607 1117 1701 &homoeusmn‚
1156 1614 1239 1703 quia

161 1733 345 1805 nusquam
364 1711 534 1803 scripturn
549 1709 610 1784 sit:
641 1729 766 1802 quaero
793 1706 1115 1800 compartionem,
1140 1713 1240 1785 unde

150 1809 450 1914 praesumserint?
484 1808 561 1881 Aut
583 1809 756 1901 numquid
780 1809 914 1881 volunt
939 1810 1030 1881 duos
1046 1808 1137 1902 effe,
1175 1813 1238 1902 qui

155 1913 251 2014 passi
266 1909 375 1986 sunt?
399 1910 440 1984 Id
456 1909 550 1984 enim
563 1908 756 2003 compaffio
770 1907 931 1983 testatur.
983 1907 1058 1982 Ubi
1072 1911 1158 1982 illud
1173 1910 1240 2004 est,

205 2015 272 2098 esus
285 2005 539 2108 'Christusfllius
558 2005 646 2080 Dei?
681 2008 760 2081 Aut
775 2007 948 2099 numquid
968 2011 1054 2081 alius
1071 2009 1121 2082 est
1136 2012 1238 2105 Jesns

199 2189 202 2194 ,
228 2111 351 2206 ristua,
386 2112 473 2184 alius
496 2105 591 2182 silius
613 2107 712 2182 Deis
749 2108 881 2181 Sinon
905 2108 998 2183 idem
1022 2123 1129 2200 atque
1146 2133 1238 2186 unua

165 2215 264 2291 intra
283 2227 458 2303 extraque
475 2209 543 2282 Dei
560 2206 654 2282 filius
674 2205 746 2300 est,
772 2207 911 2281 credite
928 2208 964 2282 in
983 2208 1172 2282 homouslo
1190 2215 1240 2308 ig·

168 2313 424 2402 uocationem,
459 2309 484 2384 sn
505 2311 582 2382 haec
599 2309 756 2404 ignorari
772 2309 870 2383 licet.
935 2308 971 2381 Si
990 2325 1108 2385 autem
1125 2312 1161 2384 in
1184 2312 1239 2385 his

162 2415 250 2512 ipsis
268 2411 339 2506 ipsa
357 2408 619 2506 ilia-ignoratio
635 2410 742 2502 impia
758 2407 822 2500 est,
849 2428 926 2500 quae
942 2421 1061 2483 tamen
1083 2433 1157 2484 non
1173 2432 1239 2504 po·
1280 2407 1286 2420 '

150 2513 253 2606 west,
280 2531 349 2588 nec
359 2509 448 2585 falso
459 2507 637 2583 excusari:
659 2507 1238 2608 vereor‚·ne&homoeus1iigno-

166 2617 349 2688 rationem
378 2607 548 2704 proseffio
578 2609 783 2683 mentiatur.
835 2608 925 2682 Non
951 2631 1093 2700 quaeror
1116 2614 1240 2685 admo·

165 2713 253 2792 dum
267 2713 313 2784 de
333 2713 461 2796 venia,
489 2731 592 2799 quam
609 2707 770 2782 dedistiaa
795 2709 995 2805 religiosum
1016 2709 1066 2784 est
1085 2712 1168 2785 Deo
1179 2713 1238 2787 sua

163 2810 371 2899 reservare,
404 2809 437 2881 dr
466 2809 706 2904 ignorationis
736 2827 840 2879 error
864 2809 1036 2883 humanus
1054 2810 1114 2884 est.
1167 2813 1240 2910 Sed

163 2908 356 3009 ignoscant
377 2907 462 2981 mihi
481 2909 551 2998 jam
570 2906 644 2979 duo
667 2904 825 3000 episcopi
842 2909 1028 2982 Valens&
1046 2909 1241 3006 Ursacius,

166 3011 268 3106 quod
282 3031 346 3082 cos
361 3029 429 3100 pro
445 3020 565 3092 aetate,
593 3020 700 3097 atque
713 3009 977 3082 exercitatione
991 3011 1048 3082 sua
1060 3010 1237 3106 ignorasse

163 3132 244 3188 non
259 3109 383 3182 credo.
418 3105 807 3198 -Etdifficillimumest‚
832 3110 1240 3189 nemenciriexistimen·

163 3225 248 3301 tur,
275 3212 334 3301 qui
352 3208 438 3282 sein
456 3210 526 3281 aiio
540 3208 692 3303 negotio
710 3227 787 3280 non
806 3207 951 3301 possunt
971 3209 1032 3282 nisr
1045 3214 1236 3290 mendacio

162 3327 330 3414 purgare.
396 3307 467 3381 Sed
492 3307 672 3380 Dominus
694 3308 768 3381 hoc
794 3311 904 3404 magis
925 3312 1080 3405 tribuat,
1107 3329 1149 3385 ut
1164 3335 1238 3398 noa

160 3413 259 3489 male
276 3408 489 3505 opinemur,
524 3429 628 3500 quam
649 3408 790 3482 illinon
809 3409 1069 3504 ignoraverint.
1128 3415 1235 3488 Malo

161 3513 260 3588 enim
287 3532 357 3606 ego
379 3511 471 3582 male
492 3507 693 3582 existimans
710 3507 883 3600 judicari,
923 3531 1026 3601 quam
1048 3510 1153 3586 fidem
1171 3537 1234 3590 vc·

159 3610 269 3690 stram
285 3611 463 3685 haereticae
478 3605 706 3682 conscientie
725 3609 983 3684 communione
1001 3613 1142 3690 violari.

238 3722 296 3792 κο.
323 3708 407 3782 Oro
422 3721 541 3783 autem
559 3729 645 3800 voa,
674 3706 861 3782 sandiffrmi
878 3710 961 3799 viri,
990 3727 1029 3784 ut
1041 3733 1121 3787 cum
1134 3715 1235 3794 bona

159 3810 272 3886 venia
289 3809 546 3882 sollicitudines
562 3829 659 3882 meas
677 3807 865 3883 aestimetit.
916 3808 1034 3886 Testis
1047 3814 1140 3887 enim
1154 3814 1234 3890 Do·

158 3911 278 3991 minus
295 3906 347 3982 est
366 3907 595 3982 conscientiae
608 3929 709 3999 mee,
738 3910 773 3983 in
794 3911 895 3982 nullo
914 3932 971 3984 me
987 3915 1233 4006 expositiones

159 4013 248 4101 has,
281 4029 367 4100 quas
389 4007 554 4083 Sirmium
573 4007 764 4093 detulistis,
792 4006 873 4082 fidei
891 4009 1017 4084 vestrae
1032 4015 1127 4087 velle
1144 4035 1236 4094 con·

164 4113 315 4185 vellere.
367 4108 437 4180 Sed
453 4109 537 4181 date
552 4110 708 4199 veniam,
735 4110 931 4200 siquaedam
945 4112 1144 4209 intelligere
1155 4135 1234 4193 non

162 4207 318 4310 possum,
346 4207 612 4282 &consolabor
629 4229 709 4301 me,
737 4212 819 4304 quia
834 4212 920 4306 legi:
947 4216 1089 4308 Spiritus
1100 4217 1235 4309 prophe.

162 4327 274 4384 rarum
287 4313 452 4406 prophetis
463 4307 616 4405 Juijeiius
637 4310 687 4405 asi.
738 4306 795 4380 Ex
813 4330 887 4401 quo
907 4308 1005 4386 forte
1023 4335 1098 4387 non
1117 4314 1231 4409 impu·

164 4410 292 4496 denter
306 4409 416 4490 etiam
432 4430 523 4491 ame
537 4407 780 4507 presumitur,
811 4409 902 4485 ut&
924 4433 995 4513 ego
1013 4413 1231 4591 intelligadm,

1081 4532 1154 4608 quo
