2742 4959
359 661 362 666 -
474 602 818 690 Lraralll.
1115 609 1226 710 age

110 772 204 854 aina
231 773 312 852 sint.
361 771 415 850 De
435 793 485 848 eo
503 793 623 856 vero,
649 771 750 866 quod
773 766 1015 869 glorificatum
1037 772 1075 848 in
1090 772 1187 849 Filio

111 877 270 954 hominis
285 878 400 973 Deum
415 876 508 949 Deus
527 871 707 971 glorificat
722 874 759 946 in
777 870 870 964 sese,
896 875 1023 968 inquo
1039 874 1186 952 tandem

110 979 180 1053 tibi
211 973 368 1051 relietum
391 974 601 1050 facultatem
626 971 829 1048 exserendae
852 973 1046 1069 impietatis
1069 974 1187 1049 existi÷

108 1099 212 1168 mas,
251 1097 300 1150 ne
328 1075 520 1150 secundum
552 1086 689 1148 naturae
716 1078 910 1148 veritatem
950 1095 1061 1148 verus
1087 1077 1183 1148 Deua

112 1177 274 1252 Christus
295 1173 366 1250 fit?
403 1174 581 1250 Christum
608 1175 704 1250 enim
730 1177 824 1246 Deus
848 1189 972 1250 natum
998 1175 1186 1254 hominen

106 1268 292 1452 glorificat
313 1277 351 1350 in
371 1272 461 1350 sese:
486 1267 662 1369 numquid
682 1287 786 1348 extra
802 1272 839 1348 se
857 1273 929 1368 est,
956 1276 1056 1368 quod
1072 1275 1183 1371 glori·

136 1380 259 1450 cattio
285 1373 369 1451 sese.
434 1375 569 1450 Reddit
595 1374 690 1448 enirn
714 1374 753 1448 in
775 1370 812 1464 se
833 1372 976 1450 Christo
1002 1377 1180 1472 gloriam,

110 1497 217 1568 quam
233 1476 327 1571 apud
345 1475 380 1549 se
398 1475 542 1550 habuit:
568 1474 604 1548 ἃ
617 1495 699 1549 cum
718 1475 755 1548 in
766 1473 918 1548 formam
934 1477 995 1548 Dei
1015 1474 1181 1564 allumtio

104 1576 234 1652 forinae
255 1576 393 1652 servilis
412 1575 619 1669 effumitur,
651 1575 691 1648 in
706 1570 741 1649 se
758 1571 982 1673 glorificatur
999 1572 1180 1671 glorifica-

104 1689 164 1750 tus
188 1680 225 1749 in
249 1678 397 1751 homine
419 1680 537 1772 Deus,
570 1676 632 1770 qui
647 1690 732 1750 ante
746 1677 939 1750 vacuitatis
952 1675 1181 1767 dispensatio·
1212 1715 1237 1774 '.

103 1778 243 1849 nemin
261 1774 332 1850 sese
347 1792 445 1870 erat,
479 1776 515 1850 &
531 1798 597 1872 per
612 1775 767 1852 formam
785 1774 900 1867 servi,
938 1775 972 1848 ἃ
988 1795 1054 1871 per
1076 1789 1181 1851 natu·¹

102 1896 180 1948 ram
198 1877 400 1949 nativitatis
414 1878 550 1952 unitur.
598 1875 785 1949 Nativitas
796 1876 888 1950 enim
902 1894 980 1948 non
994 1896 1103 1949 novae
1113 1897 1178 1949 ne·

103 1994 176 2069 que
197 1975 321 2049 aliene
347 1991 483 2049 nature
504 1981 619 2050 Deum
632 1977 795 2069 fecerat,
820 1972 881 2048 sed
894 1974 1065 2048 naturalis
1081 1971 1177 2047 filius

100 2073 194 2169 patri
216 2077 369 2150 naturali
391 2078 628 2174 generatione
651 2074 864 2152 substiterat.
922 2071 974 2146 Et
995 2072 1178 2166 cumpost

100 2176 331 2256 nativitatem
347 2177 503 2251 hominis
518 2173 742 2274 glorificatus
753 2176 790 2251 in
798 2174 962 2267 homine,
987 2173 1027 2247 in
1037 2189 1175 2247 naturae

100 2273 171 2349 suae
189 2273 327 2352 rursum
346 2277 498 2375 gloriam
511 2275 695 2365 clarescit3
728 2277 767 2349 in
782 2274 913 2350 seeum
927 2277 1021 2349 Deus
1045 2269 1176 2348 clarifi-

98 2387 171 2464 cat,
196 2376 325 2451 cumin
342 2391 479 2451 natura
493 2375 827 2475 paternaegloriam,
852 2377 897 2451 ab
908 2397 951 2451 ea
959 2395 1025 2474 per
1033 2372 1175 2478 dispen-

97 2473 273 2551 sationem
289 2493 487 2552 evacuatus
504 2476 700 2555 assumitur.

170 2598 230 2666 42.
258 2574 459 2652 Concludit
478 2592 599 2651 autern
617 2576 876 2650 audacissimum
891 2573 1084 2667 impietatis
1098 2583 1174 2647 tuae

97 2673 263 2750 furorem
280 2674 597 2769 apostolicaiidea,
622 2697 671 2749 ne
684 2674 917 2767 quoiicentia
931 2674 1052 2747 liberae
1065 2673 1172 2746 intel·

97 2774 253 2869 ligentiae
275 2775 461 2872 evageris,
493 2794 575 2849 curn
591 2775 658 2848 ait:
689 2775 738 2846 Et
755 2777 860 2845 omnis
877 2774 989 2869 lingua
1008 2775 1172 2863 confitebi-¹

96 2891 180 2960 tur,
210 2878 288 2971 quia
315 2879 478 2946 Dominus
500 2875 599 2972 Jrsur
618 2880 657 2942 in
673 2876 777 2968 gloria
792 2875 860 2946 Dei
872 2877 991 2969 patrii.
1044 2875 1168 2970 Quem

97 2973 194 3047 enirn
220 2974 257 3045 in
281 2971 352 3048 sese
369 2974 476 3048 Pater
488 2969 731 3076 glorificavit,
763 2974 801 3046 in
822 2973 898 3067 ejus
909 2973 1033 3147 gloria
1052 2970 1169 3047 confi·

94 3074 225 3147 tendor
245 3072 308 3149 est.
358 3071 409 3147 Et
429 3075 488 3168 qui
506 3076 548 3148 in
566 3072 681 3146 Patris
704 3075 820 3171 gioria
835 3079 907 3148 con
936 3073 1065 3148 tendus
1085 3071 1175 3165 est,¹

95 3174 131 3244 δι
155 3192 263 3264 quern
284 3175 321 3247 in
347 3173 383 3247 se
402 3173 509 3249 Pater
527 3171 770 3271 glorificavit,
804 3174 843 3248 in
869 3173 925 3248 hie
954 3174 1027 3250 fine
1048 3173 1162 3249 dubio

91 3274 345 3372 intelligendus
374 3272 427 3368 est
454 3272 555 3367 eise,
597 3274 727 3368 quibua
758 3273 865 3348 Pater
890 3271 973 3363 est3
1011 3275 1092 3349 curn
1126 3271 1166 3348 δι

91 3373 129 3445 in
153 3371 188 3447 se
210 3394 292 3449 eum
314 3371 593 3472 glorificaverit,
628 3371 664 3446 ἅ
690 3375 727 3448 in
753 3375 870 3468 gloria
893 3375 971 3466 ejtts
998 3374 1042 3447 sit
1071 3394 1163 3446 con·

89 3470 258 3549 fitendus.
326 3473 418 3548 Non
442 3476 536 3550 enim
563 3474 736 3548 hicnunc
753 3472 1008 3548 tantummodo
1025 3475 1062 3546 in
1084 3474 1170 3566 glo-²

91 3571 146 3642 ria
164 3575 224 3645 liei
245 3573 318 3665 est,
352 3573 462 3649 sedin
478 3575 594 3672 gloria
615 3575 676 3648 Dei
693 3569 882 3669 patriaest„
933 3571 1067 3665 Neque
1081 3578 1161 3672 glo·

90 3668 251 3745 rifieavit
262 3674 378 3770 gloria
394 3676 593 3769 exteriore,
618 3672 679 3747 sed
694 3670 967 3770 glorificavitin
983 3670 1065 3750 sese.
1117 3674 1160 3749 ln

89 3787 169 3844 earn
189 3791 289 3866 eum,
322 3793 400 3866 que
414 3774 474 3849 sua
489 3773 562 3853 est,
594 3774 745 3870 gloriarn
761 3769 996 3865 resumendo,
1030 3774 1161 3852 &eam

90 3872 257 3967 gloriam,
285 3893 389 3963 quarn
402 3873 497 3967 apud
510 3894 592 3947 eum
611 3872 752 3963 habuit,
778 3892 860 3946 eum
879 3872 913 3947 ἀ
930 3873 1023 3968 apud
1035 3873 1069 3947 se
1081 3880 1160 3970 glo·

87 3967 220 4061 rificat,
240 3971 280 4043 ὰ
295 3973 332 4043 in
344 3970 426 4049 sese.
478 3971 912 4067 Atqueitainseparabilis
924 3996 944 4046 a
957 3959 1040 4048 filei
1051 3975 1158 4066 hujus

90 4071 347 4162 conjunllione
369 4073 602 4169 intelligitur,
635 4075 743 4148 etiam
757 4072 820 4147 sub
840 4073 996 4149 hominis
1017 4074 1158 4148 humili·

88 4183 179 4263 tate,
206 4172 402 4249 indicens:
432 4176 556 4274 Hatefl
568 4180 899 4265 auremvs'raaerema,
925 4191 965 4246 rrt
977 4176 1158 4264 cognoscant

87 4286 122 4346 tr
136 4273 240 4364 solum
255 4298 370 4349 uerum
384 4275 510 4370 Deum,
541 4273 694 4452 &TW
713 4275 819 4376 mrfifli
841 4274 956 4376 Jcsuru
977 4274 1156 4378 Cbn'flm3

634 4396 663 4468 4
860 4457 868 4476 ,
1020 4395 1105 4458 cum
