2742 4959
205 637 307 740 ιςρΙ
408 617 1067 770 &fluuit-nfflnrrrtrara
1142 661 1151 676 ι

138 783 152 832 -·
204 783 679 892 managamma.-
711 761 1280 886 imminuentem

196 889 470 983 'meamne-eli,
495 886 690 962 continent
706 886 744 961 in
759 883 795 960 se
808 886 1052 963 universitatis
1069 895 1278 978 exordium.

206 992 406 1077 Etrauium
421 981 497 1083 ipse
510 1001 620 1080 caput
634 987 803 1080 eorporis
817 981 987 1062 Ecclefiae
1003 987 1068 1080 est,
1095 989 1279 1090 &primo-

206 1099 350 1198 genitus
364 1111 411 1166 ex
430 1086 600 1179 mortain,
624 1087 717 1160 utin
731 1086 900 1162 omnibus
914 1100 1038 1162 teneat
1057 1089 1132 1185 ipse
1149 1096 1280 1188 prime-

204 1213 298 1275 tum.
323 1255 326 1262 .
347 1187 398 1266 Et
412 1189 496 1282 quia
512 1184 884 1288 omnireiconstant,
908 1185 1040 1282 inipso
1060 1197 1279 1288 complacita

207 1285 600 1396 plenitudocontiitit,
633 1286 770 1363 domin
785 1307 838 1360 eo
856 1306 921 1381 per
939 1280 1052 1381 ipsum
1066 1291 1103 1364 in
1125 1315 1210 1372 eum
1223 1287 1276 1380 re'·

209 1389 449 1474 conciliantur
468 1388 612 1484 omnia,
635 1386 675 1462 in
694 1406 768 1482 quo
783 1406 848 1482 per
868 1385 982 1481 ipsum
996 1383 1035 1465 in
1053 1391 1131 1487 ipso
1154 1401 1276 1476 omnia

202 1497 433 1574 suntcreata
489 1497 614 1564 ··'..
732 1525 736 1538 ·
847 1529 851 1544 ·
920 1507 923 1514 '
1073 1526 1075 1532 ·

169 1591 177 1608 ⁸
206 1645 211 1654 -
238 1597 344 1686 151·
367 1586 535 1665 Sentisne
558 1587 653 1681 J'aur,
690 1584 775 1680 quid
802 1585 844 1662 it
869 1581 940 1662 effe
962 1592 1157 1690 imaginem
1175 1591 1273 1680 lleii

203 1693 333 1772 &eati
351 1691 479 1782 utique
495 1687 615 1761 omnia
628 1688 670 1762 in
682 1707 730 1762 eo
747 1707 811 1781 per
826 1707 919 1765 eum.
972 1687 1063 1766 Cum
1078 1693 1114 1766 in
1132 1716 1181 1770 eo
1196 1713 1275 1772 cre·

204 1811 314 1874 antur
334 1791 477 1883 omnia,
508 1786 671 1886 intellige
690 1786 915 1881 etiameum,
942 1791 1042 1883 citius
1059 1793 1184 1892 imago,
1201 1797 1273 1886 est,

204 1905 388 1972 creantem
402 1890 442 1964 in
456 1907 503 1961 eo
523 1887 655 1964 omnia
706 1883 799 1964 Cum
816 1902 956 1972 autem,
984 1912 1062 1984 quae
1081 1893 1185 1982 ineo
1198 1918 1275 1972 cre.

205 2007 333 2075 antrat,
351 1986 537 2086 peripsum
546 1998 735 2076 creantur3
761 1986 1054 2084 inhocquoque,
1080 1996 1138 2086 qui
1147 1995 1270 2093 imago

114 2157 121 2164 .
196 2096 281 2186 est3
306 2089 581 2182 maturanum,
605 2087 708 2181 cujus
725 2086 844 2184 imago
863 2087 928 2182 est,
954 2089 1271 2190 ineffecognosce.

205 2197 282 2274 Per.
298 2193 338 2274 se
353 2191 449 2266 enim
461 2200 584 2282 creat,
619 2187 751 2282 quaein
765 2188 843 2280 ipso
867 2203 1053 2294 creantur,
1087 2191 1190 2268 ficuti
1207 2213 1272 2292 per

202 2296 316 2391 ipsum
329 2288 613 2366 reconciliantur
626 2287 664 2362 in
677 2306 724 2360 eo
744 2287 876 2363 omnia.
927 2288 1066 2366 Cumin
1081 2314 1128 2368 eo
1142 2313 1269 2372 recon

204 2398 392 2478 cillantur,
417 2403 574 2481 paterne
591 2387 628 2459 in
641 2405 689 2462 eo
704 2389 850 2462 unitatis
864 2392 1091 2484 apprehende
1106 2411 1268 2471 naturam

153 2531 162 2546 ·
203 2494 501 2571 reconciliantem
526 2485 588 2558 irbi
610 2486 648 2558 in
671 2506 719 2558 eo
739 2489 871 2563 omnia.
922 2489 1011 2562 Cum
1029 2513 1093 2582 per
1114 2517 1198 2570 oum
1215 2517 1266 2568 re·
1298 2484 1299 2493 ‘

144 2661 147 2666 .
206 2595 446 2672 conciliantur
463 2588 607 2677 omnia,
632 2584 744 2680 ipsum
761 2585 856 2661 Patri
872 2590 1170 2669 reconciliantem
1188 2598 1222 2669 in
1234 2595 1267 2669 sc

203 2696 338 2782 omnia,
365 2707 516 2784 quaeper
529 2683 564 2760 se
575 2687 847 2780 reconciliabat,
873 2689 1042 2786 intelligo.
1096 2690 1268 2772 Aitenim

109 2796 112 2800 ’
205 2799 301 2872 idem
318 2788 538 2886 Apostolus:
566 2791 683 2858 omma
699 2802 803 2859 aulem
816 2813 838 2858 a
858 2792 942 2875 Deo,
968 2796 1026 2886 qui
1046 2798 1267 2869 reconciliauit

203 2924 267 2972 sivi·
278 2896 339 2994 fibi
353 2913 411 2990 per
432 2887 609 2984 Christum,
645 2886 684 2964 (7
706 2889 791 2961 didit
805 2888 893 2960 nobis
907 2892 1115 2986 ministerium
1133 2902 1264 2967 monci·

204 3000 352 3073 liariour's
359 3018 372 3088 3
405 2988 689 3086 quoniamquidem
713 2994 799 3060 Deus
818 3005 890 3064 crat
909 2995 947 3060 in
969 2993 1094 3089 Chullu
1114 3000 1263 3069 mariadura

205 3097 410 3174 reconcilians
419 3090 489 3189 fiii.
541 3086 680 3162 Confer
696 3108 778 3161 cum
793 3088 847 3163 hia
867 3111 977 3167 omne
994 3097 1214 3190 evangelicae
1227 3094 1261 3171 fi·

205 3197 541 3276 deilacramentum.
595 3186 1077 3287 Qulenimvidetnrinviso‚
1106 3197 1262 3292 quiope·

203 3315 304 3375 ratur
325 3299 361 3369 in
374 3299 570 3387 operante,
598 3285 658 3375 qui
671 3285 833 3378 loquitur
850 3290 887 3361 in
905 3291 1092 3384 loquente,
1119 3295 1261 3372 idemin

203 3396 463 3483 reconciliante
484 3385 710 3459 reconciliat.
760 3381 810 3457 Et
832 3386 970 3463 idcirco
995 3393 1117 3485 ineo,
1153 3395 1189 3467 iic
1204 3413 1263 3491 per

202 3521 285 3578 eum
297 3486 548 3572 reconciliatio
563 3481 629 3578 est,
656 3485 812 3579 quiaper
825 3487 1087 3563 indifferentem
1103 3507 1263 3572 naturam

202 3600 309 3678 Pater
322 3595 360 3669 in
380 3611 426 3664 eo
442 3605 615 3679 manens,
647 3584 820 3662 mundum
837 3586 900 3664 libi
920 3587 1074 3685 ipseper
1096 3615 1199 3692 eum,
1232 3595 1262 3670 it

202 3703 243 3776 in
262 3719 309 3773 eo
328 3688 587 3768 reconciliante
601 3684 788 3762 reddebat.

277 3817 337 3887 52.
362 3786 562 3866 Consulens
576 3786 698 3879 itaque
709 3783 1073 3863 humanaeinfirmitati
1083 3795 1176 3867 licus
1187 3811 1262 3868 non

200 3902 341 3982 incerta
368 3892 567 3964 verborum
588 3886 753 3961 nuditate
778 3883 885 3962 fidem
908 3887 1046 3966 docuit.
1097 3892 1264 3987 Namque

200 4019 285 4076 cum
307 3988 477 4069 credendi
499 3985 739 4086 neceffitatem
767 3984 848 4060 diiii
874 3987 1046 4064 dominici
1071 3992 1264 4067 auitoritas

202 4102 278 4182 sola
294 4093 493 4193 prestaret,
518 4100 639 4161 tamen
655 4084 790 4162 sensum
808 4086 969 4165 nostrum
986 4112 1051 4184 per
1065 4093 1266 4187 intelligen-

201 4204 289 4277 nam
302 4197 406 4272 editae
418 4188 568 4266 rationis
582 4183 753 4260 instituit:
777 4201 819 4259 ut
831 4188 880 4267 id,
907 4192 1160 4279 qnoddixerat:
1194 4192 1264 4286 Ego

203 4304 244 4391 σ
263 4304 360 4378 Pater
377 4315 477 4370 urum
488 4288 611 4385 smus,
634 4307 701 4388 per
718 4285 856 4368 causam
869 4289 978 4388 ipsam
991 4292 1134 4376 unitatis
1138 4310 1265 4480 ἐκρο.

1079 4453 1082 4464 .
1168 4407 1217 4472 ἰῶ
