2742 4959
445 688 873 768 chrrrvrn.¹
1107 707 1216 766 exuar

138 854 305 950 qllinque
325 850 420 928 eliis:
463 848 660 942 frenatas,
694 853 752 925 ael
776 851 856 926 siim
876 866 990 925 antro
1013 851 1214 928 Auentinae

141 965 312 1054 Arium
331 973 510 1072 Episcopum
519 974 798 1066 Mediolanensem.
848 969 1079 1064 Hieronymo
1100 992 1212 1051 voca·

141 1113 204 1170 tar
229 1095 353 1188 arnam
371 1095 521 1184 allans
535 1095 878 1169 mammantes.
903 1127 905 1132 -
928 1091 1106 1189 volgatus
1123 1093 1212 1170 tnu·
1281 1073 1287 1114 ⁵

137 1217 217 1291 lust
247 1217 372 1287 Contra
386 1217 541 1310 Arimtos,
567 1217 622 1288 ves
636 1211 836 1290 Auxentium
850 1213 1120 1304 Mediolanensem
1128 1191 1213 1292 siser

139 1355 187 1412 cx
206 1331 441 1410 vetustissimo
458 1333 531 1410 Me.
553 1331 588 1410 S.
607 1332 703 1410 Petri
719 1333 764 1409 de
780 1331 882 1409 Urbe
901 1331 952 1408 est
966 1328 1160 1429 expressus.
1297 1345 1299 1354 '

241 1453 300 1532 Re
330 1451 402 1552 ipsa
426 1454 576 1551 epistola
594 1453 647 1530 est
672 1453 716 1528 ed
734 1451 945 1529 Catholicos
963 1468 1093 1527 contra
1109 1451 1212 1533 Arra

136 1594 232 1670 nos,
268 1591 360 1669 quos
384 1573 573 1650 exordium
586 1569 741 1669 speeies,
775 1572 833 1648 sed
850 1573 1061 1649 nominatim
1080 1591 1212 1653 contra

137 1694 390 1789 Auxentium,
430 1697 474 1768 de
492 1696 593 1788 cujus
609 1692 727 1769 secum
747 1691 852 1794 gestis
868 1691 1026 1769 Hilarius
1045 1690 1211 1772 Catholi-

105 1843 108 1850 ·
137 1837 206 1894 cos
226 1814 407 1892 certiores
423 1812 520 1891 iacit.

240 1932 318 2011 Res
336 1935 387 2008 ita
411 1931 445 2008 se
468 1929 627 2012 babuisse
649 1927 813 2008 videtur:
848 1924 1024 2007 Eusebius
1045 1929 1209 2014 Vercell.

132 2050 290 2134 Ruffino
314 2053 405 2131 teste
423 2055 485 2131 lib.
504 2077 535 2131 1.
551 2049 630 2129 hist.
645 2052 745 2128 [ccl.
769 2071 799 2125 c.
821 2072 878 2146 30.
896 2051 979 2149 post
996 2049 1211 2128 Alexandri·

131 2195 224 2254 num
252 2171 447 2249 concilium
465 2173 644 2267 anni-362.
663 2171 700 2247 in
715 2169 852 2282 ltaliam
867 2171 1010 2248 rediens
1030 2171 1209 2250 Hilarium

132 2296 305 2373 nostrum
326 2296 376 2370 ibi
398 2294 519 2369 nasius
537 2289 588 2368 est
603 2291 900 2368 adinstaurandas
916 2293 1022 2388 hujus
1047 2293 1207 2390 regionis

133 2412 318 2492 Ecclesn's
338 2412 462 2490 sedulo
479 2414 760 2509 incumbentem,
788 2417 892 2508 eique
911 2409 991 2487 sein
1003 2413 1096 2502 idem
1112 2434 1207 2507 opus

133 2535 314 2632 adjunxit
365 2532 466 2607 Sicut
480 2547 599 2608 antem
617 2534 764 2610 dubium
784 2553 861 2611 non
882 2529 946 2626 est,
974 2535 1142 2627 quinduo
1155 2536 1208 2609 illl

132 2659 204 2732 viri
226 2657 267 2731 in
282 2653 321 2729 id
336 2669 412 2729 tum
427 2657 580 2730 maxime
599 2654 706 2728 adnisi
727 2653 819 2748 fint,
843 2669 886 2728 nt
903 2653 1038 2727 ltaliam
1059 2653 1209 2729 Auxen-

132 2779 188 2853 tio
203 2777 315 2852 velut
329 2769 427 2871 peste
445 2775 595 2868 quadam
611 2777 829 2867 liberarent,
866 2772 917 2845 ita
934 2790 1011 2845 non
1030 2769 1080 2847 est
1098 2773 1209 2850 ambi·

133 2895 321 2994 gendum,
344 2897 430 2989 quin
447 2895 636 2969 haereticus
649 2894 731 2986 ille,
758 2885 933 2985 quifidem
950 2912 1018 2987 pro
1040 2908 1209 2989 tempore

134 3017 302 3093 simulare
321 3028 500 3108 noverat,
532 3010 669 3108 statim,
705 3025 814 3106 atque
840 3010 1072 3108 Imperatoris
1088 3018 1206 3114 noui,

136 3134 386 3212 Valentiniani
398 3134 546 3229 scilicet,
573 3137 827 3230 opportunitas
843 3134 924 3210 data
943 3134 1007 3230 est,
1034 3135 1216 3236 eos'apusl·

136 3255 238 3334 allum
257 3269 483 3352 prevertere
500 3254 717 3348 consonant,
744 3254 897 3346 aquibus
911 3255 1057 3331 exitium
1073 3257 1207 3335 fibiim·

139 3373 302 3472 pendere
314 3375 550 3472 previdebat.
608 3367 857 3451 Hincsaelu'm
875 3369 948 3470 est,
974 3390 1016 3448 ut
1029 3373 1206 3457 Hilarium

139 3493 388 3573 &Eusebium
406 3495 498 3591 apud
520 3493 778 3592 Imperatorem
797 3493 1006 3591 infamaret,
1032 3498 1084 3569 uti
1098 3493 1207 3576 schis-

138 3633 273 3694 matum
293 3617 486 3713 authores,
514 3612 730 3692 &Ecclesrae
747 3610 900 3694 lsediol.
915 3620 1204 3715 perturbatores,

140 3751 274 3836 nepote
289 3734 373 3829 libi,
407 3735 467 3830 qui
490 3753 561 3810 una
579 3755 665 3809 cum
674 3753 760 3833 rege
775 3730 951 3811 Christum
974 3737 1113 3834 Deum,
1139 3759 1205 3817 ve·

142 3875 254 3954 reque
271 3853 343 3932 Dei
360 3849 471 3931 filium
486 3870 570 3932 ante
590 3871 755 3950 tempora
772 3857 929 3954 genitum
945 3854 1202 3960 profiteretur,

143 3973 263 4076 inlqae
278 3975 372 4071 apud
387 3975 560 4071 populum
577 3975 760 4053 inurentes
776 3972 950 4053 hereseos
966 3995 1103 4058 notam.

240 4091 339 4173 Tum
365 4115 432 4172 reu
458 4096 555 4194 pacis
571 4093 770 4193 studiosus,
804 4097 863 4191 qni
880 4095 1000 4193 forte,
1026 4100 1116 4174 fient
1136 4097 1205 4179 Ec·

112 4223 115 4228 '
146 4215 265 4302 clefira
289 4218 334 4294 ab
362 4213 552 4292 Auxentio
567 4233 765 4312 occupatas
785 4214 862 4314 ipso
881 4216 1041 4292 adventu
1057 4215 1120 4294 suo
1137 4217 1205 4319 per'

145 4336 216 4418 rior
240 4339 276 4418 el
299 4337 442 4438 cripere
461 4357 483 4416 u
501 4339 690 4416 clementia
709 4333 768 4415 sua
784 4337 938 4416 alienum
954 4337 1128 4433 ducebat,
1152 4341 1205 4422 lto¹

639 4476 662 4531 e
689 4475 711 4573 ⁸.
1044 4459 1188 4548 conlo.
