2742 4959
145 650 246 774 mus
262 677 345 770 stne
359 669 850 781 solemnitatesalemum,
881 672 1150 790 hospitalibus
1167 674 1226 766 la·

146 838 289 937 ribus,
331 833 375 922 ta
400 831 526 933 lito,
570 828 648 918 Vir
678 834 966 946 magnanime,
1018 836 1146 948 genio
1171 861 1226 938 ex

149 955 293 1111 ptinto
314 982 466 1098 cyatho
484 983 705 1074 libavimus
727 985 883 1104 aliquid
902 989 1109 1099 primum,
1138 990 1226 1078 reli·

149 1172 291 1265 quum
305 1163 355 1230 ut
368 1139 479 1227 bene
496 1139 544 1228 fit
556 1141 687 1245 Tibi,
700 1141 990 1232 voventeslaeti
1002 1141 1226 1238 hausimus.

147 1301 320 1392 Honori
332 1279 430 1382 dein
445 1295 592 1384 nostrae
607 1294 864 1402 Germania,
893 1289 1093 1413 salutique
1116 1301 1226 1388 viro·

152 1481 253 1544 tum
282 1450 526 1554 illustrium,
565 1477 676 1567 quos
709 1453 831 1570 nobis
860 1455 1226 1544 nominaveramus

135 1610 293 1726 prius,
337 1631 385 1691 ac
405 1603 649 1694 ‘Academias
672 1605 940 1695 instauranda·
968 1606 1226 1726 prosperitati

152 1760 329 1852 eandem
341 1762 623 1858 ceremoniam
641 1764 901 1877 repetiimus.

270 2069 355 2164 Sed
370 2069 601 2172 inclinatio
616 2072 838 2194 vesperum
855 2074 957 2181 dies,
986 2071 1226 2168 &condiffl

153 2221 327 2322 'duobus
350 2228 488 2317 adhuc
511 2235 671 2339 amicis,
709 2232 815 2320 hinc·
831 2228 1065 2319 absentibus
1086 2232 1226 2322 illustn‘

155 2387 349 2489 Horixio,
372 2385 422 2473 dc
437 2384 706 2506 Schumanno
723 2391 870 2474 intimo
885 2412 994 2487 meo,
1023 2385 1125 2495 hora
1140 2415 1226 2478 mo

156 2565 256 2648 net,
305 2564 354 2629 ut
384 2539 664 2630 Dedicationis
700 2565 836 2630 totum
870 2565 977 2657 opus
1009 2519 1226 2666 absolvam.-

156 2697 422 2788 Constituere
443 2701 556 2786 enim
570 2696 619 2785 hi
646 2696 809 2811 Optimi
829 2700 878 2789 uz·
889 2696 1069 2785 illustres
1085 2701 1163 2785 viri
1179 2697 1226 2788 ad

158 2850 332 2941 eandem
342 2852 623 2942 solennitatem
634 2851 873 2951 hucvocati‚
901 2851 1015 2942 suam
1025 2855 1078 2941 ab
1088 2853 1226 2944 Ho'clu'

156 3007 301 3098 tenuo
328 3005 553 3114 absentiam
578 3009 662 3134 hoc
689 3008 818 3120 modo
839 3009 1123 3133 compensare,
1157 3035 1226 3116 ut,

158 3166 265 3254 dum
285 3161 408 3267 Tibi,
436 3163 516 3252 Vir
530 3163 814 3280 magnanime,
843 3161 1098 3251 Hochhemii
1114 3162 1226 3279 plau·

157 3319 349 3424 deretur,
386 3320 432 3410 δι
459 3339 558 3406 vota
580 3313 751 3419 fierent,
777 3314 940 3450 leodem
965 3317 1070 3407 hora
1088 3319 1132 3410 ἃ
1154 3319 1226 3436 ipfi

159 3476 236 3568 sabi
259 3501 312 3564 ex
339 3469 507 3565 adverso
529 3467 669 3598 positi,
708 3468 775 3558 ille
798 3470 1032 3562 Allishcmii
1062 3474 1112 3561 ad
1140 3474 1226 3566 fini·

150 3633 304 3738 -sttam,
333 3631 430 3718 hinc
459 3632 504 3716 in
524 3624 728 3718 Vinicella
745 3626 796 3713 ad
817 3627 1002 3716 dextram
1020 3630 1155 3715 Rheni
1181 3632 1226 3720 ri

160 3815 259 3907 pam
275 3786 415 3903 pofiti,
451 3783 554 3874 Tibi
571 3780 837 3900 plauderent,
876 3784 1033 3872 &vota
1050 3778 1226 3874 facerem

159 3942 363 4059 plurima3
395 3961 522 4057 atque
543 3963 593 4028 ut
614 3965 703 4027 uno
727 3963 934 4027 concentu
953 3939 995 4028 uz
1013 3966 1037 4025 a
1056 3936 1114 4035 se,
1145 3941 1226 4028 &a

157 4097 331 4214 reliquis
345 4101 484 4186 amicis
500 4093 755 4183 Hochhemii
770 4091 1226 4210 pratentibusidfieret,

157 4253 267 4346 hanc
288 4253 364 4344 fibi
387 4253 539 4344 horam
558 4250 661 4342 huic
677 4249 908 4340 solennitati
920 4248 1070 4352 sacram
1086 4250 1226 4366 consti:

158 4431 345 4502 tuerurtt.¹
1061 4402 1171 4518 lnju·
