2742 4959
414 469 417 474 ¹
767 471 773 484 ι
1240 184 1274 506 ΙΙ

1237 509 1273 544 ¹0.

145 689 247 755 turn
270 665 378 765 Tuae
405 665 451 756 iu
474 648 771 770 menmicitiae,
808 671 882 783 qui
902 661 1077 774 laudari,
1115 666 1231 756 nifia

144 827 273 928 viris,
315 825 389 937 qui
409 822 453 910 dr
469 822 543 935 ipsi
558 827 602 909 in
620 818 741 909 laude
758 818 992 927 versantur,
1020 820 1230 924 aestimori,

121 1057 123 1066 .
149 981 303 1080 amori,
326 978 415 1064 -nifi
441 980 578 1066 avitis
596 978 717 1064 bonis
741 977 782 1062 8ι
801 977 946 1089 probis
967 1003 1053 1065 non
1069 975 1230 1078 ambio,
1270 1020 1276 1030 ·

152 1121 344 1220 ceterum
369 1137 553 1222 incurius
581 1133 758 1250 superba
780 1130 966 1220 habitent
982 1131 1151 1247 palatia,
1178 1157 1234 1216 an

153 1288 335 1378 humiles
354 1288 470 1377 casas.
555 1313 561 1326 ’

273 1597 379 1687 Dedi
400 1597 744 1687 tumenhocTuae
755 1600 977 1701 modestiae,
1004 1592 1234 1684 utdeTuis

157 1754 352 1843 laudibus
372 1782 457 1840 non
475 1754 626 1858 multa,
664 1783 713 1842 ut
729 1751 910 1869 poffem,
939 1752 1136 1852 dicerem,
1167 1749 1236 1836 sed

160 1911 281 1997 brevi
299 1935 457 1995 tantum
477 1910 561 1997 ilios
580 1908 831 2022 compendio
850 1907 1108 2022 complexus,
1138 1905 1237 2019 pou·

159 2071 218 2154 cis
238 2067 417 2167 testarer,
445 2067 512 2153 Te
530 2070 773 2169 interviros,
805 2066 1101 2179 quosexomni
1119 2059 1236 2150 classe

160 2202 386 2292 bominum
411 2202 595 2313 optimos
622 2205 744 2307 novi,
784 2200 946 2288 summo
971 2200 1066 2338 jure
1090 2223 1236 2282 nume·

160 2360 255 2448 rari.
314 2355 566 2472 Quanquam
587 2355 628 2444 oz
646 2354 741 2441 ideo
756 2358 951 2468 curatiori
969 2351 1097 2466 hujus
1115 2379 1240 2438 enco-

161 2516 236 2616 mii
249 2514 294 2599 T
298 2515 339 2597 ui
357 2509 505 2626 analyfi
520 2506 906 2627 faedesupersedere
918 2512 1078 2626 poffim,
1107 2505 1238 2622 quod,

164 2695 264 2784 eum
279 2672 322 2780 in
339 2664 1095 2780 pubiica‚&omniumoculisexpofita
1107 2666 1241 2751 statio·

164 2851 220 2912 ne
235 2824 305 2908 Te
320 2819 584 2914 Providentia
601 2821 772 2925 locavit,
801 2826 981 2937 egregiis
999 2823 1108 2908 Tuis
1122 2817 1240 2906 fastis

166 2973 418 3066 celebrandis
436 2969 544 3074 famo,
559 2972 693 3070 deesse
714 3000 912 3088 nequeat,
938 3004 1014 3062 nec
1037 2973 1166 3065 deesse
1184 2974 1241 3060 bi·
1274 2997 1276 3012 ¹

168 3134 309 3232 storia,
341 3131 502 3242 quinio
519 3132 839 3242 commentarios
857 3130 982 3219 relata
1002 3131 1053 3220 ad
1072 3132 1241 3247 posteri·

137 3296 297 3375 'tatem
316 3287 576 3369 transmittat.
785 3253 788 3260 ⁵

186 3663 189 3670 -
283 3597 590 3700 constitueram
613 3600 798 3709 primum
814 3597 920 3689 hanc
939 3606 982 3689 in
1001 3628 1092 3689 rem
1121 3602 1241 3715 (mo-

170 3777 427 3859 numentum
460 3755 563 3843 Tibi
592 3752 836 3844 destinatum
864 3763 1000 3871 puto)
1044 3743 1266 3856 adhibere'

169 3933 332 4025 partem
349 3908 529 4024 aliquem
547 3911 811 4028 Dogmatices
827 3939 951 4016 meae,
983 3941 1089 4000 nova
1107 3941 1154 4004 ut
1167 3945 1242 4032 pu·

170 4088 239 4169 to,
268 4066 310 4151 ἃ
333 4063 419 4150 satis
436 4064 640 4179 probabili
657 4065 857 4154 methodo
874 4068 1124 4182 compofitae,
1153 4070 1243 4160 An·

171 4219 456 4332 thropologinn
481 4219 627 4314 scilicet
652 4219 884 4330 revelarem,
921 4225 1114 4345 hancque
1137 4228 1241 4316 Tuo

1098 4381 1188 4471 rllu·
