2742 4959
1297 550 1299 604 1

180 629 262 738 ase
387 635 426 717 S.
456 613 653 717 Hicin-rr
683 655 743 714 or
774 621 1052 716 annrrm

1296 705 1299 758 i

178 787 223 883 ira
244 799 411 878 Domino
430 799 594 888 dicente,
632 799 666 876 dt
686 802 723 876 in
742 801 906 878 Domino
927 771 1171 882 interficiente
1190 827 1270 888 am.
1298 769 1299 854 ἕ

182 903 259 1002 bigi
275 900 402 998 poffit‚
425 902 627 998 ¹explicuit:
654 906 880 976 Seruieutibus
902 929 977 977 vere
995 907 1077 977 mibi
1091 911 1267 986 vocebiter

183 1003 301 1079 murco
327 1027 468 1097 novant,
501 1004 583 1102 quoti
610 1005 807 1076 benedicetur
824 1005 864 1098 su
886 1030 920 1077 er
944 1022 1075 1080 terrem.
1128 1007 1265 1087 Omni·

180 1103 246 1196 iric
271 1102 384 1179 futuri
407 1106 581 1197 temporis
607 1099 724 1180 sermo
746 1103 807 1180 est„
858 1027 907 1180 it
923 1108 1021 1200 quod
1039 1107 1087 1182 est
1104 1108 1179 1184 hoc
1194 1131 1266 1186 no·

181 1225 268 1286 men
285 1223 427 1279 novum
445 1203 652 1302 religionis,
690 1207 788 1298 quod
809 1207 1044 1280 benedicetur
1067 1211 1172 1304 super
1190 1226 1265 1288 ter·

178 1301 289 1382 fami
314 1302 351 1378 Si
370 1324 391 1378 a
409 1301 543 1379 saeculis
561 1301 749 1380 Christiani
768 1308 937 1382 vocabuli
949 1323 1054 1382 antea
1068 1312 1263 1388 beatitudo
1298 1359 1299 1396 2

181 1425 354 1498 umquam
375 1402 470 1498 suit,
503 1417 605 1480 nunc
625 1425 766 1480 novum
783 1427 859 1482 non
880 1405 942 1483 est.
993 1409 1054 1482 Sin
1073 1431 1165 1484 vero
1183 1413 1263 1490 hoc
1298 1401 1299 1480 Τ

180 1500 440 1584 bratteatum
461 1502 605 1600 pietatis
624 1505 755 1582 nostrae
771 1507 809 1582 irr
830 1507 948 1583 Deum
964 1530 1104 1584 novum
1121 1531 1263 1591 nomeu
1297 1503 1299 1592 ἐ

181 1599 260 1699 est,
286 1605 362 1680 hac
378 1601 547 1699 profcdio
573 1605 799 1700 profetiionis
817 1609 965 1684 novitas
985 1609 1174 1688 celestium
1195 1615 1262 1690 be·
1298 1615 1299 1624 '

179 1703 429 1798 tiedistionum
449 1725 589 1780 merces
603 1701 708 1799 super
723 1719 854 1782 terram
873 1707 934 1785 cib
1298 1749 1299 1788 ι

260 1827 318 1900 30.
345 1805 423 1900 Jarn
441 1825 534 1879 vero
559 1807 675 1880 totius
695 1802 778 1882 fidei
793 1807 923 1883 nostrae
936 1807 1191 1886 conscientiam
1207 1805 1263 1890 se·
1298 1803 1299 1818 '

181 1925 298 2004 quens
320 1903 438 1982 sermo
461 1902 675 1991 confirmat,
708 1906 850 1985 dicens:
887 1911 933 1984 Et
950 1913 1128 1983 inuitem
1149 1918 1259 1987 Deum

182 2031 320 2097 verum,
354 2014 393 2083 σ
415 2009 475 2104 qui
489 2012 612 2104 jurent
621 2013 722 2104 super
743 2024 880 2089 terrum,
914 2013 1130 2112 jurabuntur
1153 2019 1260 2086 uem

178 2133 308 2185 uerum.
357 2105 406 2180 Hi
428 2123 529 2180 certe
541 2105 763 2183 benedicent
783 2109 900 2184 Deum
918 2133 1066 2203 verum,
1099 2134 1256 2202 quorum

179 2210 221 2287 in
234 2208 306 2284 Dei
323 2206 501 2282 servitute
514 2227 654 2282 novum
671 2228 806 2284 nomen
822 2210 889 2284 est:
923 2224 999 2287 tum
1018 2213 1166 2305 deinde,
1194 2212 1257 2307 qui

180 2306 356 2406 jurandus
376 2308 447 2381 erit
466 2306 588 2394 Deus,
613 2307 715 2382 Deur
737 2331 846 2383 verus
867 2309 928 2387 est.
978 2311 1088 2384 Anne
1110 2315 1261 2409 ambigi·

184 2425 269 2503 tur,
304 2406 383 2502 quis
398 2407 561 2502 juretur,
595 2408 673 2500 quir
696 2411 949 2500 benedicatur,
976 2430 1164 2504 perquem
1186 2432 1260 2484 no·

180 2506 1130 2604 uumipsiseruientibusbenedidiumquenomensit?
1157 2509 1260 2586 Con·

179 2605 269 2689 sistit
287 2629 428 2685 mecum
447 2607 614 2682 aduersus
629 2610 772 2704 impiam
791 2621 907 2697 tuam,
942 2611 1136 2700 haeretice,
1164 2631 1256 2702 prae-
1294 2643 1299 2712 3

178 2711 399 2798 dicationem
423 2709 583 2783 absoluta
603 2707 774 2785 sermonis
795 2709 1018 2782 ecclesiastici
1049 2707 1138 2783 fides
1161 2713 1255 2785 novi
1295 2723 1299 2818 ξ

180 2833 249 2910 per
273 2828 310 2886 te
338 2809 465 2886 Christi
491 2811 667 2902 nominis,
701 2809 823 2903 &per
860 2809 1042 2885 servitutis
1066 2807 1256 2904 professio·
1296 2829 1299 2914 p

179 2935 266 2990 nem
286 2910 482 2986 benedicte
500 2933 545 2984 ex
564 2926 602 2985 te
627 2911 874 3003 superterram
891 2914 1187 3005 nuncupationis,
1213 2925 1256 2985 te
1297 2919 1299 2952 ³

179 3033 312 3089 verum
333 3011 451 3086 Deum
467 3012 601 3104 jurans.
654 3011 776 3083 Omne
790 3013 883 3085 enim
904 3034 945 3085 os
962 3013 1183 3085 credentium
1200 3025 1255 3105 te,

182 3110 337 3202 Christe,
365 3109 484 3185 Deum
500 3112 671 3201 loquitur.
724 3113 852 3185 Omnis
870 3111 1093 3185 credentium
1116 3107 1204 3185 fides
1215 3125 1257 3185 te

180 3209 304 3288 Deum
309 3210 419 3304 J'urat,
438 3209 557 3283 Deum
570 3210 1024 3300 verumeiseteconfitcns,
1053 3211 1170 3284 Deum
1189 3233 1255 3284 ve·

180 3331 264 3388 tum
282 3310 353 3384 esse
371 3324 409 3383 te
427 3310 646 3404 predicans,
674 3311 793 3385 Deum
817 3332 942 3383 verum
964 3310 1034 3383 esse
1045 3325 1082 3381 te
1095 3308 1255 3387 conscia.

263 3433 320 3503 31.
350 3413 574 3510 Quamquam
590 3411 699 3510 igitur
721 3412 838 3485 omnis
858 3411 918 3484 hic
932 3408 1168 3499 propheticus
1184 3405 1258 3481 ser·

178 3532 244 3592 mo
262 3514 394 3584 nuliam
410 3511 596 3602 retiquerit
611 3508 871 3598 difficultatem,
897 3508 981 3600 quin
993 3506 1110 3578 Deum
1126 3505 1258 3601 signifi.

179 3610 275 3686 casse
291 3612 525 3708 intelligatur,
553 3610 656 3682 &cui
672 3631 740 3704 per
756 3629 894 3684 novum
909 3628 1043 3679 nornen
1059 3603 1253 3702 serviatur,

181 3711 219 3790 δι
238 3733 303 3806 per
325 3734 432 3805 quem
458 3711 616 3803 ejusdem
635 3712 792 3784 nominis
813 3711 850 3782 in
876 3708 979 3780 terris
1000 3706 1187 3781 benedicta
1210 3709 1254 3783 fit

180 3815 353 3903 novitas,
386 3811 421 3884 dc
442 3813 502 3902 qui
522 3810 756 3886 benedicatur
776 3809 875 3882 Deus
896 3828 1028 3899 verus,
1064 3807 1175 3900 &qur
1196 3809 1256 3901 ju·

181 3927 285 3989 retur
308 3913 411 3985 Deus
437 3932 566 4000 verus;
601 3932 679 4003 quae
696 3909 815 3984 omnia
832 3907 1025 3982 secundum
1043 3923 1251 4000 temporum

178 4014 443 4114 plenitudinem
463 4009 630 4085 Ecclesrae
647 4005 736 4082 fides
748 4009 850 4102 piain
862 4009 1059 4083 Dominum
1072 4005 1252 4083 Christum

178 4115 359 4210 religione
373 4107 582 4208 profitetur:
609 4109 704 4181 &ita
722 4105 758 4181 se
770 4109 806 4182 in
818 4131 864 4183 eo
876 4111 1114 4203 propheticus
1130 4105 1249 4179 sermo

179 4214 389 4308 coaptavit,
421 4225 463 4283 ut
491 4206 788 4308 significationem
811 4210 974 4305 personae
989 4210 1132 4283 alterius
1153 4205 1249 4297 adje-

163 4303 295 4418 lbfoue
303 4313 543 4416 pronominis
561 4330 640 4394 uon
654 4325 826 4391 novuet.
876 4311 914 4387 Si
931 4311 1030 4389 enim
1043 4303 1251 4483 addidipiet,

836 4433 838 4440 ¹
1180 4431 1198 4483 Q
