2742 4959
1068 689 1509 804 ιἰιη
1603 723 1740 802 xx.
1939 755 1949 766 ·-
2327 735 2474 822 3⁸5

337 885 637 970 fessione
674 874 974 964 fratrum
1014 886 1408 984 incipiens,
1477 885 1710 964 totius
1767 882 1932 960 dieti
1957 883 2473 982 profeffionem

345 996 433 1068 ad
474 994 625 1085 ejus
655 1006 926 1064 naturae
966 983 1410 1062 consortium
1447 988 1726 1068 docuit,
1776 1009 1867 1062 ex
1905 1009 2042 1080 qua
2077 988 2298 1063 frater
2336 989 2470 1081 est,

336 1094 735 1192 pertinere,
792 1091 953 1182 quia
985 1085 1211 1160 fermo
1253 1086 1353 1160 est
1384 1087 1768 1161 destinatus
1804 1089 1890 1162 ad
1926 1088 2215 1161 fratres:
2259 1112 2350 1162 ne
2376 1089 2466 1165 ad
2523 1105 2532 1114 “

338 1193 736 1267 divinitatis
777 1187 1287 1263 contumeliam
1316 1203 1817 1281 reputaretur,
1887 1189 2081 1278 quod
2117 1192 2200 1259 ad
2224 1188 2466 1284 ’sacra-

336 1307 657 1369 mentum
674 1292 957 1384 pietatis
976 1286 1489 1381 praedicabatur
1511 1305 1535 1375 3
1588 1309 1748 1361 cum
1770 1285 2183 1364 communio
2197 1287 2282 1361 ad
2300 1308 2468 1366 eum

340 1392 605 1483 nostra,
659 1411 794 1482 qua
830 1404 1032 1483 pater
1068 1389 1311 1479 nobis,
1342 1385 1410 1459 Gr.
1438 1386 1558 1460 fibi
1594 1402 1796 1479 pater
1828 1383 1958 1479 est,
2011 1388 2079 1459 &
2119 1401 2298 1461 neus
2329 1405 2465 1462 no-

336 1494 444 1568 bis
478 1540 504 1573 ,
584 1490 653 1563 δι
717 1489 838 1563 fibi
926 1492 1106 1559 Deus
1187 1482 1288 1559 est
1317 1538 1337 1572 ,
1428 1483 1811 1560 secundum
1868 1477 2463 1579 dispensationem

337 1592 565 1666 carnis
643 1587 977 1661 existeret
1011 1640 1037 1677 ‚
1128 1580 1466 1659 fratribus
1529 1588 1745 1660 nobis
1806 1581 1892 1660 ad
1966 1607 2127 1661 eum
2203 1583 2468 1660 nativi·

332 1683 485 1766 tate
562 1690 893 1781 corporis
958 1684 1403 1777 deputandis.
1554 1684 1802 1760 Nemo
1857 1686 2073 1783 igitur
2129 1690 2466 1785 ambigit,

332 1795 559 1866 Deum
615 1803 891 1881 patrem
960 1781 1099 1859 effe
1145 1788 1357 1859 etiam
1411 1787 1630 1882 Deum
1681 1787 1962 1860 Domini
2019 1779 2237 1860 nostri
2293 1787 2464 1881 Jesu
2579 1863 2586 1874 ,

334 1888 629 1962 Christi:
679 1886 795 1960 sed
828 1888 979 1960 haec
1007 1888 1121 1980 pia
1161 1884 1405 1960 nostra
1438 1883 1776 1979 profcssio
1817 1907 1969 1960 non
2003 1901 2204 1980 patet
2228 1889 2314 1960 ad
2333 1892 2462 1966 im·

330 1988 621 2085 pietatis
661 1986 1136 2059 occasionem.
1228 1991 1409 2059 Deus
1453 1981 1603 2078 ejus
1640 1985 1773 2059 est:
1828 2007 1978 2060 non
2014 1984 2325 2078 idcirco,
2377 1998 2464 2061 ut

331 2077 589 2162 diversi
622 2088 709 2158 ab
745 2109 837 2158 eo
860 2087 1139 2182 generis
1167 2088 1348 2156 Deus
1368 2084 1472 2157 sit.
1576 2084 1713 2156 Sed
1739 2086 1898 2177 quia
1922 2107 2012 2157 ex
2040 2079 2250 2158 Patre
2275 2090 2459 2160 Deus

333 2202 542 2262 natus
572 2183 717 2278 est,
773 2185 838 2256 δι
880 2206 968 2258 ex
999 2181 1520 2276 dispensatione
1560 2176 1803 2257 servus
1843 2184 1985 2272 est3
2040 2186 2301 2258 habeat
2342 2208 2461 2279 pa·

333 2304 561 2377 trem,
632 2286 793 2357 dum
832 2305 922 2356 ex
951 2303 1043 2355 eo
1078 2286 1263 2356 Deus
1299 2281 1443 2371 est;
1517 2284 1586 2357 δι
1616 2287 1834 2357 Deum
1871 2285 2108 2374 suum,
2161 2281 2325 2359 dum
2364 2301 2460 2361 ex

330 2387 637 2482 Virgine
670 2383 839 2456 caro
879 2382 1003 2457 est.
1106 2383 1328 2478 Quod
1355 2386 1592 2477 brevi,
1649 2397 1863 2477 atque
1890 2377 2221 2458 absoluto
2253 2386 2461 2481 Apo·

330 2485 557 2561 stolus
603 2481 929 2559 sermone
978 2484 1388 2580 consignat,
1474 2484 1758 2557 dicens:
1849 2491 2340 2558 commemorans
2381 2491 2462 2556 in

332 2587 725 2659 orationibus
768 2590 960 2681 meis,
1026 2602 1103 2654 ut
1154 2590 1324 2656 Deus
1383 2587 1653 2656 Domini
1705 2585 1899 2680 nostri
1959 2585 2119 2682 Jesu
2175 2581 2455 2671 Christi,

329 2705 515 2786 pater
544 2689 911 2775 claritatis,
977 2687 1083 2756 det
1110 2683 1287 2754 vobs}
1326 2683 2020 2778 spiritumjbptentiae,
2087 2691 2163 2760 (9·
2219 2686 2458 2760 revela·

329 2794 560 2860 tionis.
662 2785 810 2858 Ubi
848 2784 1034 2858 enim
1106 2782 1259 2855 esus
1295 2774 1610 2855 Christus
1643 2777 1771 2873 est,
1825 2783 1920 2856 ibi
1955 2785 2140 2865 Deus,
2161 2784 2309 2874 ejus
2332 2785 2457 2858 est:

328 2887 456 2960 ubi
491 2904 673 2957 vero
698 2885 1035 2954 claritase
1175 2881 1270 2954 ibi
1300 2896 1503 2973 pater
1528 2877 1650 2956 est.
1746 2883 2149 2979 Quiitaque
2169 2878 2460 2957 Christo

329 2980 718 3059 secundum
772 2983 1164 3054 claritatem
1212 2975 1418 3076 pater
1465 2980 1604 3070 est,
1673 2980 1860 3054 idem
1892 2977 2171 3054 Christo
2214 2980 2473 3056 secum

328 3084 497 3158 dum
531 3079 766 3175 Jesum
808 3083 991 3153 Deus
1035 3077 1158 3154 est.
1259 3078 1492 3175 Jesum
1522 3082 1709 3153 enim
1747 3081 2064 3177 Angelus
2105 3075 2463 3161 Christum

328 3182 759 3274 Dominum,
833 3200 1041 3280 quem
1065 3174 1301 3252 Maria
1329 3173 1502 3252 ess'et
1534 3182 1890 3274 paritura,
1959 3182 2458 3277 cognominat.

331 3281 691 3374 Caeterum
740 3275 1093 3353 Christum
1138 3282 1515 3353 Dominum
1558 3277 1893 3373 Spiritum
1934 3282 2317 3375 prophetia
2351 3286 2466 3356 lo-

332 3384 597 3476 quitur.
698 3379 796 3454 Et
822 3380 1179 3475 plerisque
1215 3374 1600 3453 secundum
1637 3378 2057 3454 latinitatem
2084 3373 2460 3457 obscurius

328 3482 477 3558 hoc
506 3475 765 3556 dictum
804 3480 1127 3553 videtur:
1183 3481 1345 3569 quia
1384 3480 1694 3555 latinitas
1729 3479 2278 3575 pronominibus
2304 3503 2459 3561 non

328 3584 598 3674 utitur,
653 3601 807 3688 φφ
837 3571 1156 3677 graec'itas
1200 3577 1321 3651 usu
1355 3578 1710 3669 honesto,
1759 3582 1827 3652 dt
1866 3575 2256 3654 neceffario
2287 3576 2460 3657 scm·

326 3702 460 3776 per
480 3679 787 3774 usurpat.
889 3679 997 3754 lta
1014 3680 1199 3752 enim
1228 3673 1590 3772 scribitur:
1642 3672 1864 3765 ‹330oe
1888 3705 2013 3755 του
2046 3706 2238 3781 nvem
2271 3681 2459 3768 ἡμων

334 3788 536 3855 Ino-ov
564 3794 626 3869 χ
669 3806 882 3864 cca-ov,
937 3773 1245 3881 ὅπατηρ
1287 3805 1408 3864 της
1447 3767 1667 3875 δόξης.
1773 3780 2174 3879 Quomodo
2215 3781 2466 3856 nobis·

331 3901 540 3969 cum,
634 3906 656 3953 ι
698 3880 966 3974 semper
1006 3881 1517 3974 pronominum
1572 3866 2023 3954 consuetudo
2062 3873 2280 3974 esset,
2358 3884 2462 3957 ita

331 3981 961 4076 pronuntiaretur:
1015 3982 1122 4052 1L¹e
1159 3985 1332 4050 Deus·
1354 3982 1528 4049 illius
1555 3985 1813 4050 Domim
1838 3983 2035 4066 noliri
2066 3977 2230 4078 Jesu
2261 3984 2461 4057 Chri-

323 4081 455 4179 sti,
527 4081 626 4149 iae
655 4096 840 4175 pater
878 4078 1045 4148 iuius
1077 4081 1422 4149 claritatis.
1527 4076 1661 4151 Per
1695 4077 1764 4152 id
1800 4081 2031 4173 enim,
2105 4081 2299 4172 quod
2335 4081 2462 4157 illo

331 4184 521 4253 Deus
562 4179 747 4251 illius
783 4175 945 4273 Jesu
985 4173 1236 4251 Christi
1278 4174 1421 4270 est,
1473 4177 1539 4252 δι
1573 4177 1692 4252 ille
1719 4195 1923 4272 pater
1956 4183 2139 4253 illius
2181 4184 2461 4256 clarita·

327 4281 467 4370 tis,
539 4279 855 4371 quaedam
893 4275 1270 4352 secundum
1312 4277 1778 4372 capacitatem
1823 4272 2051 4354 sensus
2094 4280 2313 4353 nostri
2356 4284 2461 4355 in-

329 4379 742 4477 telligentiae
767 4380 1173 4474 proprietas
1205 4377 1524 4476 express'a
1550 4375 1680 4472 est,
1733 4393 1817 4454 ut
1833 4377 2142 4478 Christi,-
2171 4381 2291 4454 ubi
2317 4383 2463 4457 cla·

429 4483 507 4554 S.
565 4480 826 4558 Hilaris·
875 4469 1051 4556 Tm.
1106 4475 1164 4558 Ῑ.
1601 4473 1738 4563 Bb
2188 4477 2364 4557 ritas
2443 4479 2448 4484 ’
