2742 4959
145 669 198 732 xx
308 647 800 750 S.H1naa11,l‘rcrs·v.
826 646 1047 727 Errscorr

148 815 372 911 Opportune
387 823 477 890 tunc
493 815 599 888 venit
614 811 788 910 Hilarius,
814 814 876 912 qui
897 812 1056 908 dejectos
1076 818 1220 897 releves

146 948 227 1030 ret,
253 933 376 1027 &pro
390 932 493 1008 infita
507 931 566 1008 sua
578 932 832 1012 moderatione
848 937 1015 1010 turbatos
1037 934 1220 1018 serenaret

146 1058 299 1132 animos.
349 1051 433 1129 Nec
451 1052 616 1149 deerant,
642 1056 702 1146 qui
715 1054 828 1144 serto,
854 1053 1111 1133 &abscisione
1122 1081 1217 1154 opus

147 1174 219 1253 else
244 1174 437 1250 sentirent:
473 1172 534 1251 sed
562 1171 637 1269 ipse
659 1177 766 1270 oleo,
809 1174 845 1248 dt
862 1175 1084 1276 indulgentis
1111 1181 1219 1276 usus,

146 1297 254 1416 brevi
271 1293 393 1369 onmia
412 1294 451 1367 in
463 1290 652 1394 pristinum
668 1292 799 1372 struem
816 1292 1042 1374 reformavit.
1094 1295 1219 1374 Fortis

146 1419 270 1510 itaque
293 1414 329 1488 dt
349 1411 528 1509 invidus,
560 1433 642 1488 cum
658 1411 850 1509 praestistis
869 1416 1046 1493 hereticis
1059 1415 1221 1493 refisten·

147 1537 233 1612 dum
246 1535 339 1628 suit,
372 1535 408 1608 dt
421 1552 504 1609 curn
520 1535 778 1629 poenitentibus
795 1536 1075 1634 indulgendum,
1100 1535 1218 1639 sutilis

145 1656 183 1733 dt
205 1654 429 1750 misericors,
464 1667 586 1729 utrum
605 1654 711 1758 ammi
726 1657 996 1757 magnitudine,
1033 1677 1138 1753 quam
1159 1658 1221 1751 pia

146 1775 309 1870 quadam·
333 1771 646 1860 commiseratione
676 1778 759 1872 plus
791 1773 960 1852 Ecclesiae
989 1777 1217 1874 contulerit,

146 1911 241 1997 εἷπε
259 1892 433 1972 definias?

221 2035 455 2113 Fortitudine
474 2038 617 2133 quidem
632 2036 756 2114 herefi
770 2038 808 2114 in
822 2035 957 2112 Gallius
975 2035 1109 2138 editum
1130 2050 1217 2114 ante

145 2160 293 2234 exilium
312 2157 554 2253 praeluserat:
580 2156 640 2234 sed
658 2180 737 2236 eam
754 2157 790 2233 se
808 2160 915 2233 exule
932 2155 1081 2232 subdole
1103 2159 1219 2231 intro·

146 2278 314 2371 dodam,
329 2278 374 2351 ab
388 2278 500 2352 exilio
512 2277 628 2352 redux
639 2291 712 2354 tam
729 2279 895 2354 celeriter
906 2279 1045 2372 expulit
1059 2275 1217 2352 mensue-

146 2399 296 2493 tudine,
321 2383 416 2473 utin
438 2419 521 2474 eum
534 2396 648 2496 ipsum
669 2417 802 2474 annum
819 2401 925 2492 3⁶0·‚
953 2416 1026 2490 quo
1046 2398 1090 2472 ab
1104 2396 1216 2471 exilio

145 2521 325 2613 revertit,
360 2521 457 2593 dicat
482 2518 732 2613 Hieronymus
754 2520 791 2594 in
809 2516 1017 2594 Chronico:
1055 2569 1085 2612 ‚,
1100 2515 1220 2598 Gallia

145 2659 212 2734 per
241 2639 419 2715 Hilarium
442 2636 673 2716 Arimiueosra
700 2635 860 2734 perfidie
888 2637 996 2712 dolos
1023 2635 1218 2712 damnst“

149 2760 285 2860 Quod,
311 2781 382 2854 qua
396 2760 541 2836 ratione
552 2756 596 2834 fit
610 2756 757 2852 fanum,
781 2758 828 2834 lic
846 2756 1024 2852 Sulpicius
1040 2761 1218 2851 explicat:

147 2933 177 2978 ,‚
191 2879 282 3004 Ubi
298 2881 453 2955 Hilarius
476 2877 682 2975 permensus
707 2877 759 2954 est
787 2882 914 2955 orbern
933 2899 1026 2974 pene
1043 2890 1220 2955 terrarum

146 2995 624 3096 peloponnensem,
658 2999 787 3074 dubius
806 2998 936 3092 animi,
962 2997 1137 3098 &magna
1157 3018 1221 3072 cu-

145 3140 267 3196 rarum
294 3120 393 3192 mole
415 3115 583 3211 estuans,
620 3136 703 3191 cum
722 3117 903 3213 plerisque
927 3118 1114 3193 videretur
1136 3137 1218 3196 oon

147 3240 340 3317 ineundam
357 3256 441 3314 cum
461 3237 517 3314 his
536 3238 851 3333 communionem,
878 3238 938 3331 qui
958 3237 1220 3318 Ariminensem

147 3359 327 3456 synodum
342 3358 576 3455 recepissent,
599 3359 778 3455 optimum
792 3349 887 3436 sattu
905 3358 1096 3433 arbitratus
1106 3378 1221 3434 revo-

147 3501 234 3557 care
258 3481 393 3558 multos
415 3479 459 3553 ad
481 3478 771 3554 emendationem
790 3478 825 3552 dt
843 3479 1110 3575 penitentiam,
1148 3477 1222 3554 sre-

149 3602 343 3696 quentibus
354 3603 451 3675 intra
465 3598 598 3674 Gallias
615 3596 805 3694 conciliis,
832 3612 940 3694 atque
954 3601 1123 3675 omnibus
1139 3598 1222 3677 sete

147 3718 338 3817 Episcopis
364 3720 409 3795 de
430 3737 556 3794 errore
578 3715 860 3816 profitentibus,
897 3719 991 3814 opud
1014 3719 1220 3802 Ariminum

148 3840 246 3942 gesta
261 3838 540 3935 condemnavit,
584 3838 619 3914 dt
637 3841 675 3914 in
694 3837 823 3916 statum
839 3838 1025 3934 pristinum
1043 3834 1221 3913 Ecclefia·

147 3983 228 4039 rum
243 3958 350 4036 fidem
365 3955 591 4034 reformavit
606 3961 634 4002 “

221 4080 323 4158 Inter
342 4076 508 4154 Concilio
526 4077 608 4177 pust
626 4079 754 4156 Hilarii
772 4077 929 4154 reditum
947 4080 984 4155 in
1005 4077 1134 4156 Galliis
1156 4074 1219 4152 ha-

148 4196 765 4303 bitsBitterreusemernorsbileest,
782 4218 887 4299 „quo
895 4189 1111 4278 Saturninus
1123 4193 1221 4279 Area

656 4345 666 4366 ·
1051 4319 1166 4396 laten·
