<?xml version="1.0" encoding="UTF-8"?>
<!DOCTYPE html PUBLIC "-//W3C//DTD XHTML 1.0 Transitional//EN"
    "http://www.w3.org/TR/xhtml1/DTD/xhtml1-transitional.dtd">
<html xmlns="http://www.w3.org/1999/xhtml" xml:lang="en" lang="en">
 <head>
  <title>
</title>
<meta http-equiv="Content-Type" content="text/html;charset=utf-8" />
  <meta name='ocr-system' content='tesseract 3.04.00' />
  <meta name='ocr-capabilities' content='ocr_page ocr_carea ocr_par ocr_line ocrx_word'/>
</head>
<body>
  <div class='ocr_page' id='page_1' title='image "./operaomniasanct00librgoog/operaomniasanct00librgoog_0024.png"; bbox 0 0 2742 4959; ppageno 0'>
   <div class='ocr_carea' id='block_1_1' title="bbox 104 655 1253 3418">
    <p class='ocr_par' dir='ltr' id='par_1_1' title="bbox 151 655 1266 2343">
     <span class='ocr_line' id='line_1_1' title="bbox 269 655 1227 762; baseline 0.007 -7"><span class='ocrx_word' id='word_1_1' title='bbox 269 667 377 755; x_wconf 91' lang='lat' dir='ltr'>Puto</span> <span class='ocrx_word' id='word_1_2' title='bbox 399 655 503 752; x_wconf 84' lang='lat' dir='ltr'>adeo</span> <span class='ocrx_word' id='word_1_3' title='bbox 532 693 603 755; x_wconf 85' lang='lat' dir='ltr'>me</span> <span class='ocrx_word' id='word_1_4' title='bbox 625 695 789 758; x_wconf 87' lang='lat' dir='ltr'>novum</span> <span class='ocrx_word' id='word_1_5' title='bbox 805 659 1056 760; x_wconf 85' lang='lat' dir='ltr'>beneficium</span> <span class='ocrx_word' id='word_1_6' title='bbox 1072 671 1227 762; x_wconf 84' lang='lat' dir='ltr'>inrern</span> 
     </span>
     <span class='ocr_line' id='line_1_2' title="bbox 151 820 1225 946; baseline -0.002 -30"><span class='ocrx_word' id='word_1_7' title='bbox 151 824 368 946; x_wconf 85' lang='lat' dir='ltr'><strong>publicam</strong></span> <span class='ocrx_word' id='word_1_8' title='bbox 384 820 636 930; x_wconf 79' lang='lat' dir='ltr'>litterariam,</span> <span class='ocrx_word' id='word_1_9' title='bbox 667 830 798 912; x_wconf 92' lang='lat' dir='ltr'>immo</span> <span class='ocrx_word' id='word_1_10' title='bbox 813 830 856 912; x_wconf 93' lang='lat' dir='ltr'>in</span> <span class='ocrx_word' id='word_1_11' title='bbox 873 824 998 939; x_wconf 85' lang='lat' dir='ltr'>ipsam</span> <span class='ocrx_word' id='word_1_12' title='bbox 1016 829 1140 916; x_wconf 92' lang='lat' dir='ltr'>etiarn</span> <span class='ocrx_word' id='word_1_13' title='bbox 1155 825 1225 914; x_wconf 88' lang='lat' dir='ltr'>Pa·</span> 
     </span>
     <span class='ocr_line' id='line_1_3' title="bbox 153 957 1233 1102; baseline 0.001 -31"><span class='ocrx_word' id='word_1_14' title='bbox 153 981 376 1097; x_wconf 83' lang='lat' dir='ltr'>trologiam</span> <span class='ocrx_word' id='word_1_15' title='bbox 385 973 588 1082; x_wconf 85' lang='lat' dir='ltr'>conferre,</span> <span class='ocrx_word' id='word_1_16' title='bbox 605 978 845 1069; x_wconf 86' lang='lat' dir='ltr'>srinalienos</span> <span class='ocrx_word' id='word_1_17' title='bbox 855 981 1055 1102; x_wconf 84' lang='lat' dir='ltr'>humeros</span> <span class='ocrx_word' id='word_1_18' title='bbox 1066 982 1146 1071; x_wconf 92' lang='lat' dir='ltr'>hoc</span> <span class='ocrx_word' id='word_1_19' title='bbox 1157 957 1233 1074; x_wconf 73' lang='grc' dir='ltr'>ηε·Ι</span> 
     </span>
     <span class='ocr_line' id='line_1_4' title="bbox 155 1131 1223 1262; baseline 0.004 -37"><span class='ocrx_word' id='word_1_20' title='bbox 155 1142 323 1262; x_wconf 87' lang='lat' dir='ltr'>gotium</span> <span class='ocrx_word' id='word_1_21' title='bbox 341 1131 605 1222; x_wconf 83' lang='lat' dir='ltr'>transtulero.</span> <span class='ocrx_word' id='word_1_22' title='bbox 663 1136 712 1223; x_wconf 93' lang='lat' dir='ltr'>ln</span> <span class='ocrx_word' id='word_1_23' title='bbox 728 1136 1029 1251; x_wconf 87' lang='lat' dir='ltr'>rempublicam</span> <span class='ocrx_word' id='word_1_24' title='bbox 1046 1138 1223 1253; x_wconf 91' lang='lat' dir='ltr'>quidem</span> 
     </span>
     <span class='ocr_line' id='line_1_5' title="bbox 154 1288 1234 1409; baseline -0.004 -24"><span class='ocrx_word' id='word_1_25' title='bbox 154 1293 394 1385; x_wconf 87' lang='lat' dir='ltr'>litterariam</span> <span class='ocrx_word' id='word_1_26' title='bbox 405 1288 722 1379; x_wconf 87' lang='lat' dir='ltr'>inuniversum:</span> <span class='ocrx_word' id='word_1_27' title='bbox 739 1294 1035 1408; x_wconf 90' lang='lat' dir='ltr'>partimquod,</span> <span class='ocrx_word' id='word_1_28' title='bbox 1053 1293 1234 1409; x_wconf 81' lang='lat' dir='ltr'>saquida</span> 
     </span>
     <span class='ocr_line' id='line_1_6' title="bbox 154 1447 1225 1565; baseline 0.007 -33"><span class='ocrx_word' id='word_1_29' title='bbox 154 1476 226 1543; x_wconf 88' lang='lat' dir='ltr'>me</span> <span class='ocrx_word' id='word_1_30' title='bbox 242 1447 300 1532; x_wconf 85' lang='lat' dir='ltr'>est</span> <span class='ocrx_word' id='word_1_31' title='bbox 315 1448 485 1547; x_wconf 87' lang='lat' dir='ltr'>virium,</span> <span class='ocrx_word' id='word_1_32' title='bbox 515 1447 560 1535; x_wconf 79' lang='lat' dir='ltr'>dr</span> <span class='ocrx_word' id='word_1_33' title='bbox 577 1452 778 1558; x_wconf 89' lang='lat' dir='ltr'>temporis</span> <span class='ocrx_word' id='word_1_34' title='bbox 793 1447 1225 1565; x_wconf 69' lang='lat' dir='ltr'>huicoperihaslenus</span> 
     </span>
     <span class='ocr_line' id='line_1_7' title="bbox 154 1597 1225 1718; baseline -0.002 -21"><span class='ocrx_word' id='word_1_35' title='bbox 154 1597 411 1718; x_wconf 90' lang='lat' dir='ltr'>impensum,</span> <span class='ocrx_word' id='word_1_36' title='bbox 440 1598 482 1686; x_wconf 92' lang='lat' dir='ltr'>id</span> <span class='ocrx_word' id='word_1_37' title='bbox 498 1626 610 1688; x_wconf 91' lang='lat' dir='ltr'>nunc</span> <span class='ocrx_word' id='word_1_38' title='bbox 627 1628 742 1690; x_wconf 86' lang='lat' dir='ltr'>novo</span> <span class='ocrx_word' id='word_1_39' title='bbox 764 1608 881 1717; x_wconf 92' lang='lat' dir='ltr'>operi</span> <span class='ocrx_word' id='word_1_40' title='bbox 890 1604 1001 1693; x_wconf 88' lang='lat' dir='ltr'>alteri</span> <span class='ocrx_word' id='word_1_41' title='bbox 1011 1608 1158 1718; x_wconf 82' lang='lat' dir='ltr'>possim</span> <span class='ocrx_word' id='word_1_42' title='bbox 1168 1607 1225 1696; x_wconf 90' lang='lat' dir='ltr'>di·</span> 
     </span>
     <span class='ocr_line' id='line_1_8' title="bbox 154 1753 1224 1871; baseline 0.004 -26"><span class='ocrx_word' id='word_1_43' title='bbox 154 1786 267 1871; x_wconf 83' lang='lat' dir='ltr'>care3</span> <span class='ocrx_word' id='word_1_44' title='bbox 291 1758 442 1869; x_wconf 89' lang='lat' dir='ltr'>partim</span> <span class='ocrx_word' id='word_1_45' title='bbox 458 1753 577 1870; x_wconf 91' lang='lat' dir='ltr'>quod</span> <span class='ocrx_word' id='word_1_46' title='bbox 591 1782 644 1843; x_wconf 85' lang='lat' dir='ltr'>cx</span> <span class='ocrx_word' id='word_1_47' title='bbox 660 1757 830 1846; x_wconf 87' lang='lat' dir='ltr'>adverso</span> <span class='ocrx_word' id='word_1_48' title='bbox 849 1765 956 1849; x_wconf 87' lang='lat' dir='ltr'>vires</span> <span class='ocrx_word' id='word_1_49' title='bbox 969 1787 1096 1849; x_wconf 89' lang='lat' dir='ltr'>novas</span> <span class='ocrx_word' id='word_1_50' title='bbox 1111 1761 1224 1850; x_wconf 89' lang='lat' dir='ltr'>susci·</span> 
     </span>
     <span class='ocr_line' id='line_1_9' title="bbox 154 1909 1222 2029; baseline 0 -24"><span class='ocrx_word' id='word_1_51' title='bbox 154 1941 242 2006; x_wconf 90' lang='lat' dir='ltr'>tem</span> <span class='ocrx_word' id='word_1_52' title='bbox 259 1909 992 2029; x_wconf 76' lang='lat' dir='ltr'>reipublicaeposthacimpendendas,</span> <span class='ocrx_word' id='word_1_53' title='bbox 1019 1914 1222 2006; x_wconf 65' lang='lat' dir='ltr'>hellenus</span> 
     </span>
     <span class='ocr_line' id='line_1_10' title="bbox 152 2065 1222 2189; baseline -0.021 -25"><span class='ocrx_word' id='word_1_54' title='bbox 152 2076 287 2164; x_wconf 83' lang='lat' dir='ltr'>sr-non</span> <span class='ocrx_word' id='word_1_55' title='bbox 302 2075 471 2165; x_wconf 83' lang='lat' dir='ltr'>inertes,</span> <span class='ocrx_word' id='word_1_56' title='bbox 500 2066 794 2158; x_wconf 88' lang='lat' dir='ltr'>minussaltem</span> <span class='ocrx_word' id='word_1_57' title='bbox 804 2065 1039 2189; x_wconf 82' lang='lat' dir='ltr'>frugiferas,</span> <span class='ocrx_word' id='word_1_58' title='bbox 1094 2073 1222 2163; x_wconf 65' lang='lat' dir='ltr'>lupa.</span> 
     </span>
     <span class='ocr_line' id='line_1_11' title="bbox 152 2209 1221 2343; baseline -0.004 -22"><span class='ocrx_word' id='word_1_59' title='bbox 152 2230 378 2343; x_wconf 82' lang='lat' dir='ltr'>trologiam</span> <span class='ocrx_word' id='word_1_60' title='bbox 395 2209 707 2312; x_wconf 79' lang='lat' dir='ltr'>antemnarum</span> <span class='ocrx_word' id='word_1_61' title='bbox 717 2221 758 2311; x_wconf 95' lang='lat' dir='ltr'>id</span> <span class='ocrx_word' id='word_1_62' title='bbox 769 2229 966 2313; x_wconf 89' lang='lat' dir='ltr'>meritum</span> <span class='ocrx_word' id='word_1_63' title='bbox 976 2252 1120 2316; x_wconf 90' lang='lat' dir='ltr'>meum</span> <span class='ocrx_word' id='word_1_64' title='bbox 1130 2237 1221 2336; x_wconf 91' lang='lat' dir='ltr'>crit,</span> 
     </span>
    </p>

    <p class='ocr_par' dir='ltr' id='par_1_2' title="bbox 104 2375 1253 3418">
     <span class='ocr_line' id='line_1_12' title="bbox 104 2375 1229 2504; baseline -0.01 -30"><span class='ocrx_word' id='word_1_65' title='bbox 104 2381 109 2393; x_wconf 83' lang='grc'><strong>’</strong></span> <span class='ocrx_word' id='word_1_66' title='bbox 150 2383 281 2504; x_wconf 90' lang='lat' dir='ltr'>quod,</span> <span class='ocrx_word' id='word_1_67' title='bbox 307 2375 1229 2491; x_wconf 59' lang='lat' dir='ltr'>fivitaliushuicsoliposthaccolendaeinten,</span> 
     </span>
     <span class='ocr_line' id='line_1_13' title="bbox 151 2532 1253 2649; baseline 0.001 -20"><span class='ocrx_word' id='word_1_68' title='bbox 151 2568 241 2638; x_wconf 87' lang='lat' dir='ltr'>tus,</span> <span class='ocrx_word' id='word_1_69' title='bbox 279 2537 447 2625; x_wconf 89' lang='lat' dir='ltr'>editioni</span> <span class='ocrx_word' id='word_1_70' title='bbox 469 2532 806 2649; x_wconf 83' lang='lat' dir='ltr'>Wirceburgenfi</span> <span class='ocrx_word' id='word_1_71' title='bbox 823 2537 1071 2647; x_wconf 91' lang='lat' dir='ltr'>primarium</span> <span class='ocrx_word' id='word_1_72' title='bbox 1099 2538 1222 2630; x_wconf 91' lang='lat' dir='ltr'>suum</span> <span class='ocrx_word' id='word_1_73' title='bbox 1251 2533 1253 2540; x_wconf 73' lang='grc'><strong>’</strong></span> 
     </span>
     <span class='ocr_line' id='line_1_14' title="bbox 154 2686 1223 2793; baseline -0.007 -6"><span class='ocrx_word' id='word_1_74' title='bbox 154 2694 341 2787; x_wconf 89' lang='lat' dir='ltr'>studium</span> <span class='ocrx_word' id='word_1_75' title='bbox 365 2687 600 2777; x_wconf 86' lang='lat' dir='ltr'>consecrare</span> <span class='ocrx_word' id='word_1_76' title='bbox 625 2686 875 2793; x_wconf 86' lang='lat' dir='ltr'>decreverit,</span> <span class='ocrx_word' id='word_1_77' title='bbox 907 2690 1029 2777; x_wconf 87' lang='lat' dir='ltr'>talem</span> <span class='ocrx_word' id='word_1_78' title='bbox 1045 2691 1223 2781; x_wconf 86' lang='lat' dir='ltr'>reddere</span> 
     </span>
     <span class='ocr_line' id='line_1_15' title="bbox 150 2843 1222 2959; baseline -0.006 -16"><span class='ocrx_word' id='word_1_79' title='bbox 150 2881 242 2943; x_wconf 86' lang='lat' dir='ltr'>eam</span> <span class='ocrx_word' id='word_1_80' title='bbox 252 2849 531 2959; x_wconf 87' lang='lat' dir='ltr'>imposterum</span> <span class='ocrx_word' id='word_1_81' title='bbox 548 2843 692 2954; x_wconf 86' lang='lat' dir='ltr'>poffit,</span> <span class='ocrx_word' id='word_1_82' title='bbox 728 2844 896 2957; x_wconf 85' lang='lat' dir='ltr'>qualem</span> <span class='ocrx_word' id='word_1_83' title='bbox 913 2845 980 2933; x_wconf 87' lang='lat' dir='ltr'>vel</span> <span class='ocrx_word' id='word_1_84' title='bbox 999 2845 1222 2938; x_wconf 85' lang='lat' dir='ltr'>delicatiffi·</span> 
     </span>
     <span class='ocr_line' id='line_1_16' title="bbox 148 2997 1224 3117; baseline -0.002 -19"><span class='ocrx_word' id='word_1_85' title='bbox 148 3033 248 3098; x_wconf 88' lang='lat' dir='ltr'>mus</span> <span class='ocrx_word' id='word_1_86' title='bbox 258 2997 743 3117; x_wconf 84' lang='lat' dir='ltr'>quisque&amp;eruditionis</span> <span class='ocrx_word' id='word_1_87' title='bbox 753 3001 1224 3111; x_wconf 84' lang='lat' dir='ltr'>patristicaeavidiffimus</span> 
     </span>
     <span class='ocr_line' id='line_1_17' title="bbox 150 3153 1237 3279; baseline -0.004 -26"><span class='ocrx_word' id='word_1_88' title='bbox 150 3164 376 3279; x_wconf 82' lang='lat' dir='ltr'>optaverit,</span> <span class='ocrx_word' id='word_1_89' title='bbox 417 3179 662 3272; x_wconf 77' lang='lat' dir='ltr'>graecosque</span> <span class='ocrx_word' id='word_1_90' title='bbox 687 3153 825 3240; x_wconf 87' lang='lat' dir='ltr'>Patres</span> <span class='ocrx_word' id='word_1_91' title='bbox 845 3159 933 3265; x_wconf 90' lang='lat' dir='ltr'>pari</span> <span class='ocrx_word' id='word_1_92' title='bbox 948 3184 1145 3272; x_wconf 88' lang='lat' dir='ltr'>apparatu</span> <span class='ocrx_word' id='word_1_93' title='bbox 1159 3165 1237 3256; x_wconf 78' lang='lat' dir='ltr'>in·,</span> 
     </span>
     <span class='ocr_line' id='line_1_18' title="bbox 148 3306 1019 3418; baseline -0.013 -6"><span class='ocrx_word' id='word_1_94' title='bbox 148 3315 345 3418; x_wconf 71' lang='lat' dir='ltr'>munos,</span> <span class='ocrx_word' id='word_1_95' title='bbox 374 3340 420 3402; x_wconf 90' lang='lat' dir='ltr'>ac</span> <span class='ocrx_word' id='word_1_96' title='bbox 440 3311 588 3399; x_wconf 84' lang='lat' dir='ltr'>latinos</span> <span class='ocrx_word' id='word_1_97' title='bbox 604 3312 649 3395; x_wconf 94' lang='lat' dir='ltr'>in</span> <span class='ocrx_word' id='word_1_98' title='bbox 663 3306 801 3398; x_wconf 87' lang='lat' dir='ltr'>lucem</span> <span class='ocrx_word' id='word_1_99' title='bbox 818 3314 1019 3401; x_wconf 86' lang='lat' dir='ltr'>emittere.</span> 
     </span>
    </p>
   </div>
   <div class='ocr_carea' id='block_1_2' title="bbox 144 3582 1262 4213">
    <p class='ocr_par' dir='ltr' id='par_1_3' title="bbox 144 3582 1262 4213">
     <span class='ocr_line' id='line_1_19' title="bbox 213 3582 1217 3741; baseline -0.004 -27"><span class='ocrx_word' id='word_1_100' title='bbox 213 3709 215 3714; x_wconf 85' lang='lat'><em>.</em></span> <span class='ocrx_word' id='word_1_101' title='bbox 262 3628 323 3717; x_wconf 93' lang='lat' dir='ltr'>llli</span> <span class='ocrx_word' id='word_1_102' title='bbox 345 3624 546 3715; x_wconf 71' lang='lat' dir='ltr'>hellenus</span> <span class='ocrx_word' id='word_1_103' title='bbox 571 3624 671 3713; x_wconf 90' lang='lat' dir='ltr'>nudi</span> <span class='ocrx_word' id='word_1_104' title='bbox 696 3582 809 3741; x_wconf 69' lang='lat' dir='ltr'>quast</span> <span class='ocrx_word' id='word_1_105' title='bbox 826 3654 848 3711; x_wconf 89' lang='lat' dir='ltr'>e</span> <span class='ocrx_word' id='word_1_106' title='bbox 864 3624 982 3741; x_wconf 91' lang='lat' dir='ltr'>prelo</span> <span class='ocrx_word' id='word_1_107' title='bbox 1004 3625 1217 3740; x_wconf 86' lang='lat' dir='ltr'>prodiere,</span> 
     </span>
     <span class='ocr_line' id='line_1_20' title="bbox 146 3778 1220 3903; baseline -0.004 -29"><span class='ocrx_word' id='word_1_108' title='bbox 146 3785 244 3903; x_wconf 87' lang='lat' dir='ltr'>plus</span> <span class='ocrx_word' id='word_1_109' title='bbox 271 3787 404 3890; x_wconf 91' lang='lat' dir='ltr'>enim,</span> <span class='ocrx_word' id='word_1_110' title='bbox 443 3782 520 3871; x_wconf 91' lang='lat' dir='ltr'>ubl</span> <span class='ocrx_word' id='word_1_111' title='bbox 540 3785 673 3895; x_wconf 87' lang='lat' dir='ltr'>prima</span> <span class='ocrx_word' id='word_1_112' title='bbox 696 3779 749 3869; x_wconf 82' lang='lat' dir='ltr'>de</span> <span class='ocrx_word' id='word_1_113' title='bbox 764 3781 950 3871; x_wconf 88' lang='lat' dir='ltr'>Patribus</span> <span class='ocrx_word' id='word_1_114' title='bbox 969 3778 1220 3870; x_wconf 85' lang='lat' dir='ltr'>recudendis</span> 
     </span>
     <span class='ocr_line' id='line_1_21' title="bbox 145 3933 1217 4055; baseline -0.01 -20"><span class='ocrx_word' id='word_1_115' title='bbox 145 3941 250 4035; x_wconf 88' lang='lat' dir='ltr'>mihi</span> <span class='ocrx_word' id='word_1_116' title='bbox 282 3943 477 4055; x_wconf 88' lang='lat' dir='ltr'>cogitatio</span> <span class='ocrx_word' id='word_1_117' title='bbox 505 3963 592 4027; x_wconf 87' lang='lat' dir='ltr'>erat</span> <span class='ocrx_word' id='word_1_118' title='bbox 625 3963 738 4041; x_wconf 90' lang='lat' dir='ltr'>nata,</span> <span class='ocrx_word' id='word_1_119' title='bbox 780 3963 857 4025; x_wconf 91' lang='lat' dir='ltr'>nec</span> <span class='ocrx_word' id='word_1_120' title='bbox 883 3933 1096 4041; x_wconf 86' lang='lat' dir='ltr'>volebam,</span> <span class='ocrx_word' id='word_1_121' title='bbox 1139 3963 1217 4025; x_wconf 86' lang='lat' dir='ltr'>nec</span> 
     </span>
     <span class='ocr_line' id='line_1_22' title="bbox 144 4088 1262 4213; baseline -0.015 -28"><span class='ocrx_word' id='word_1_122' title='bbox 144 4093 435 4213; x_wconf 80' lang='lat' dir='ltr'>promiseram:</span> <span class='ocrx_word' id='word_1_123' title='bbox 464 4095 541 4184; x_wconf 91' lang='lat' dir='ltr'>ubi</span> <span class='ocrx_word' id='word_1_124' title='bbox 559 4119 702 4183; x_wconf 88' lang='lat' dir='ltr'>autem</span> <span class='ocrx_word' id='word_1_125' title='bbox 721 4088 771 4178; x_wconf 87' lang='lat' dir='ltr'>ad</span> <span class='ocrx_word' id='word_1_126' title='bbox 788 4089 934 4177; x_wconf 89' lang='lat' dir='ltr'>latinos</span> <span class='ocrx_word' id='word_1_127' title='bbox 952 4089 1225 4195; x_wconf 83' lang='lat' dir='ltr'>deveneram,</span> <span class='ocrx_word' id='word_1_128' title='bbox 1255 4145 1262 4168; x_wconf 75' lang='grc'><strong><em>,</em></strong></span> 
     </span>
    </p>
   </div>
   <div class='ocr_carea' id='block_1_3' title="bbox 143 4246 1215 4487">
    <p class='ocr_par' dir='ltr' id='par_1_4' title="bbox 143 4246 1215 4487">
     <span class='ocr_line' id='line_1_23' title="bbox 143 4246 1215 4370; baseline -0.005 -28"><span class='ocrx_word' id='word_1_129' title='bbox 143 4251 331 4367; x_wconf 74' lang='lat' dir='ltr'>singulos</span> <span class='ocrx_word' id='word_1_130' title='bbox 359 4249 525 4370; x_wconf 76' lang='lat' dir='ltr'>singulis</span> <span class='ocrx_word' id='word_1_131' title='bbox 552 4249 774 4341; x_wconf 88' lang='lat' dir='ltr'>inscribere</span> <span class='ocrx_word' id='word_1_132' title='bbox 797 4249 939 4338; x_wconf 87' lang='lat' dir='ltr'>amicis</span> <span class='ocrx_word' id='word_1_133' title='bbox 963 4246 1133 4363; x_wconf 85' lang='lat' dir='ltr'>placuit,</span> <span class='ocrx_word' id='word_1_134' title='bbox 1170 4247 1215 4337; x_wconf 78' lang='lat' dir='ltr'>dr</span> 
     </span>
     <span class='ocr_line' id='line_1_24' title="bbox 602 4425 1157 4487; baseline 0.004 -3"><span class='ocrx_word' id='word_1_135' title='bbox 602 4443 633 4484; x_wconf 65' lang='lat' dir='ltr'>a·</span> <span class='ocrx_word' id='word_1_136' title='bbox 1113 4425 1157 4487; x_wconf 90' lang='lat' dir='ltr'>m</span> 
     </span>
    </p>
   </div>
   <div class='ocr_carea' id='block_1_4' title="bbox 0 0 1376 4959">
    <p class='ocr_par' dir='ltr' id='par_1_5' title="bbox 0 0 1376 4959">
     <span class='ocr_line' id='line_1_25' title="bbox 0 0 1376 4959; baseline 0 3"><span class='ocrx_word' id='word_1_137' title='bbox 0 0 1376 4959; x_wconf 95' lang='lat' dir='ltr'> </span> 
     </span>
    </p>
   </div>
  </div>
 </body>
</html>
