2742 4959
206 645 305 706 ιω
537 619 574 700 8.
626 622 926 703 Hruanrr

207 810 285 885 quc
304 783 493 862 sanfflffim
510 780 735 860 contestor-ir
753 787 889 882 phrasrn
906 789 1111 868 exhibeant.
1168 791 1271 872 Utri·

205 931 322 1005 utque
336 905 566 982 monimentis
582 908 715 1000 pariter
725 906 1129 987 demonstraturUrsacii
1141 934 1184 989 ac
1196 917 1270 992 Va·

204 1031 314 1110 lentis
334 1026 494 1120 nequitia
515 1023 615 1100 simul
632 1027 667 1098 ot
682 1027 931 1102 inconstantia.
982 1035 1192 1127 inutraque
1211 1039 1270 1114 de·

205 1174 303 1234 mum
320 1146 529 1222 continetur
553 1145 662 1229 nihil,
688 1149 786 1239 quod
801 1168 876 1222 non
902 1149 1067 1224 redoleat
1081 1155 1270 1246 antiquita·

169 1313 174 1326 ·
206 1291 306 1363 tem,
337 1266 436 1361 quod
460 1261 615 1340 historiae
637 1277 842 1361 temporum
866 1289 942 1344 non
959 1267 1180 1367 consentiat,
1207 1290 1286 1372 aut¹

207 1391 306 1487 quod
322 1407 397 1463 non
416 1386 532 1480 eliqua
550 1386 693 1461 ratione
708 1381 841 1481 spectet
858 1387 903 1464 ad
918 1389 1130 1470 Arimiueos
1146 1397 1271 1469 conci·

204 1512 245 1586 lii
261 1508 455 1586 historiam.
536 1551 540 1558 -

307 1625 969 1724 lmmosraprimadisjungaturaltera,
995 1629 1147 1727 nonest,
1173 1634 1270 1711 unde

203 1752 283 1830 ltaec
297 1752 340 1825 ad
358 1747 528 1842 praedistae
542 1749 669 1843 synodi
686 1748 866 1842 historiam
883 1750 1065 1842 pertinere
1069 1753 1268 1851 judicetur,

205 1895 289 1950 curn
304 1870 379 1945 sola
395 1890 475 1963 para
492 1871 604 1963 prima
622 1871 716 1943 iliius
732 1867 827 1968 gesta
846 1869 1034 1947 exhibent:
1058 1873 1183 1965 quein
1193 1875 1269 1949 hoc

205 2014 353 2090 quoque
383 2011 464 2066 curn
487 1990 600 2064 ultera
624 1991 824 2084 convenit,
857 1992 960 2084 quod
987 1992 1135 2087 perinde
1159 2010 1269 2088 etque
1298 2048 1299 2053 a

202 2117 289 2207 illa,
325 2112 457 2204 &que
474 2109 731 2188 Ariminensem
754 2111 927 2205 synodum
946 2111 1206 2212 praecess'etint,
1233 2119 1269 2192 st
1298 2105 1299 2110 ‘

205 2254 285 2326 que
302 2230 485 2305 subsecuta
504 2231 591 2325 ssot,
618 2231 887 2323 complectatur.

206 2435 212 2446 ,
305 2350 375 2425 Sed
399 2370 517 2443 neque
541 2352 726 2443 quisquam
744 2349 881 2425 inscias
895 2353 1000 2444 ierit,
1033 2364 1149 2431 totam
1171 2356 1268 2434 illam

205 2471 458 2549 collectionem
480 2473 517 2544 in
537 2468 623 2543 Msr.
638 2467 826 2546 Pithoeano
841 2493 882 2548 ac
897 2473 1106 2570 Rernigiano
1128 2475 1213 2550 duas
1229 2479 1268 2555 in

204 2611 326 2690 partes
352 2594 444 2666 male
471 2590 656 2688 distingui,
692 2590 793 2685 pejus
815 2612 907 2663 vero
925 2593 1093 2688 postponi
1108 2598 1269 2688 priorem

205 2713 419 2810 posteriori3
445 2733 527 2788 cum
549 2713 670 2805 prime
689 2711 800 2803 partis
821 2711 1163 2790 initium-manifeste
1180 2739 1268 2792 con·

205 2837 361 2911 tinuatio
379 2835 421 2907 srt
440 2832 660 2928 posterioria.
711 2830 851 2925 Synodi
868 2833 961 2907 enim
979 2832 1083 2910 Paris.
1096 2837 1266 2932 epistola,

203 2978 227 3029 c
246 2975 314 3048 qua
329 2955 366 3025 in
382 2949 468 3025 Mss.
477 2952 715 3045 primaepartis
726 2952 865 3029 initium
875 2953 1031 3049 ducitur,
1057 2957 1267 3052 rescriptum

204 3073 257 3150 est
281 3072 410 3146 litteris
433 3069 692 3162 Orientalium,
726 3092 803 3164 quae
820 3074 856 3146 in
876 3074 1000 3149 iisdem
1022 3075 1106 3150 Mss.
1127 3094 1266 3173 partem

204 3193 418 3289 postremam
441 3191 622 3265 claudunt.
671 3188 728 3263 Ex
749 3212 822 3284 quo
842 3190 905 3288 lit,
932 3213 973 3267 ut
992 3195 1115 3268 titulun
1132 3217 1208 3268 non
1227 3199 1265 3272 in

204 3335 312 3391 unam
338 3327 476 3386 tantum
505 3327 664 3405 partem,
699 3309 758 3384 sed
786 3311 822 3384 in
846 3332 989 3388 omnem
1013 3311 1265 3393 collectionem

204 3435 320 3510 cadat
374 3431 560 3533 Quocirca
579 3430 703 3504 Nicol.
721 3426 837 3504 Faber
853 3435 1005 3526 partium
1019 3434 1154 3506 illarum
1169 3437 1266 3511 ordi·

202 3573 288 3631 nem
307 3556 513 3646 invertere,
541 3552 712 3648 &primo
730 3548 944 3645 postremam
959 3570 1169 3659 proponere
1185 3577 1263 3633 non

203 3674 399 3751 dubitavit.

305 3792 385 3867 Hac
404 3789 612 3870 difficultate
629 3791 816 3888 expedita,
848 3809 925 3884 que
938 3790 1085 3888 gravior
1099 3793 1262 3889 videtur,

203 3911 310 3991 facile
334 3916 564 3989 excutiuntur
584 3912 753 4012 scrupuli,
780 3912 840 4007 qui
857 3910 972 3985 adhuc
997 3911 1262 4011 possentnego-

204 4037 294 4110 tium
312 4031 491 4109 facessere.
541 4032 707 4126 Namque
726 4034 842 4106 virum
860 4031 897 4105 iu
919 4030 1108 4132 Phrygiam
1129 4036 1262 4129 relega·

202 4167 281 4230 tum
305 4174 380 4230 non
401 4154 438 4228 in
453 4154 606 4251 genuina
621 4151 806 4246 &integra
824 4149 1054 4245 epistolarum
1072 4152 1263 4232 latinarum

201 4275 441 4376 exemplaria,
474 4269 534 4352 sed
556 4275 596 4354 iu
618 4267 789 4352 mendosa
814 4270 973 4351 incidisse
999 4273 1075 4366 quir
1095 4272 1261 4367 stupeat?

1120 4395 1210 4494 Qus

264 4611 361 4639 ,ἢ
