2742 4959
142 184 376 462 .
1271 437 1280 450 ἱ

773 463 779 476 ἱ
822 467 827 478 ι

385 531 393 552 Ι

1257 586 1262 596 r

180 637 320 698 cxxxv!
519 575 908 695 &hrenum
1037 599 1040 604 ¹

182 763 312 857 tirtum
342 775 414 855 esse
445 775 636 876 rescribit,
674 772 760 876 quid
786 777 868 857 curu
893 771 1140 855 Orientalibus
1166 798 1255 877 rge-

125 987 129 994 ,
183 915 298 1008 ῐοῑιιτ.Ι
372 899 465 975 Non
490 898 543 975 cst
565 915 687 977 tamen
711 901 934 1000 negandum,
967 900 1067 993 quod
1094 900 1137 971 rb
1163 898 1256 974 Hie-

185 1041 346 1115 ronymo
373 1019 550 1115 discimus,
576 1044 657 1124 eum
682 1024 791 1097 etiam
815 1022 859 1096 ed
884 1018 1045 1096 diversor
1071 1017 1255 1111 scripfiss'e.

123 1153 130 1162 “
185 1138 238 1219 Et
263 1155 363 1216 certe
386 1140 469 1214 libri
494 1140 541 1217 de
565 1135 723 1245 synodis
749 1141 980 1239 apologiam,
1017 1158 1094 1213 non
1120 1137 1192 1213 stne
1219 1161 1261 1214 e-

186 1262 318 1359 pistule
349 1261 392 1334 ad
415 1260 623 1351 Luciferum
650 1261 890 1336 Crieritanum
914 1257 1047 1334 missam
1074 1255 1261 1352 esse-pro-

187 1383 308 1458 babile
341 1380 402 1458 est.
480 1380 557 1457 Nisr
590 1384 690 1457 sorte
715 1386 751 1457 in
780 1405 822 1456 er
846 1378 1016 1478 figuratus
1042 1378 1085 1452 srt
1108 1378 1260 1478 sermo,

187 1500 297 1580 semel
325 1516 431 1592 atque
455 1502 587 1576 iterum
614 1502 657 1576 ad
683 1503 892 1576 Luciferum
919 1500 1127 1574 conversus.

291 1619 490 1715 Epistulam
514 1621 558 1694 ud
584 1620 719 1696 Abram
746 1614 870 1714 filiam,
894 1619 1083 1712 rursusque
1109 1621 1262 1697 alterum

190 1761 215 1816 e
246 1741 375 1815 codice
406 1740 552 1819 Bonon.
587 1741 864 1817 aTrombellio
897 1745 1048 1834 primurn
1074 1742 1264 1836 vulgatam

190 1861 270 1938 hec
293 1861 456 1936 Wirceb.
482 1862 594 1948 editio
622 1863 770 1936 exhibet
794 1861 957 1955 quidem,
985 1851 1044 1934 (ed
1068 1873 1263 1951 utramque

142 1981 146 1989 '
194 1981 314 2058 adhuc
346 1996 389 2053 ut
413 1981 555 2060 dubiem
579 1982 804 2076 inscribere,
842 2002 883 2055 rc
906 1982 950 2054 ed
975 1982 1116 2055 tertiam
1141 1982 1266 2055 remit·

191 2113 274 2177 tere
293 2122 445 2198 operum
464 2102 736 2180 Hilarianorurn
752 2102 890 2178 classem
908 2102 1031 2188 lubet3
1072 2099 1166 2174 iliam
1187 2103 1266 2192 qui·

193 2223 305 2313 dem,
350 2223 448 2313 quod
474 2224 508 2297 bc
535 2221 678 2298 Caveus
705 2225 925 2298 authoritate
950 2217 1086 2292 Erasmi
1112 2218 1265 2313 forsan,

195 2343 234 2416 uc
258 2342 410 2415 eliorum
435 2356 557 2416 motus
584 2363 663 2416 eam
689 2341 839 2434 spuriam
864 2340 956 2413 adeo
981 2340 1142 2430 aestimeu
1168 2341 1265 2416 hanc

197 2483 323 2556 vero,
365 2461 446 2552 quia
477 2460 621 2536 Criticis
654 2461 816 2535 nondum
851 2460 958 2552 plene
995 2462 1181 2536 enucleate
1213 2464 1269 2539 est

196 2584 275 2677 ejus
310 2583 594 2675 authentititas,
644 2583 775 2676 quippe
806 2600 933 2655 recens
968 2584 1151 2677 vulgate,
1194 2592 1269 2659 'nec

198 2705 316 2778 adhuc
343 2702 425 2776 satis
446 2705 619 2801 cognite.
671 2701 818 2775 Interim
845 2702 928 2790 quid
954 2722 1022 2794 pro
1043 2719 1195 2793 utraque
1217 2707 1268 2780 sa·

199 2828 315 2919 ciat,
342 2843 432 2898 mox
465 2847 487 2898 e
513 2824 665 2921 vestigio
691 2821 923 2917 subjungam,
969 2822 1001 2893 u
1027 2822 1141 2895 tertie
1166 2822 1267 2896 Hila-

199 2948 385 3018 rianorum
411 2964 563 3036 operum
586 2945 694 3020 ciuilis
718 2944 858 3017 initium
882 2942 925 3014 ab
951 2940 1006 3015 his
1027 2940 1183 3037 epistolis
1208 2963 1267 3018 ca·

199 3066 307 3160 piam.
470 3156 475 3164 ἱ
1135 3141 1137 3146 ,

275 3181 472 3266 ,Ceterum
491 3183 551 3274 qui
573 3180 701 3256 setium
719 3162 783 3272 iit,
815 3195 856 3253 ut
875 3195 934 3253 tot
951 3183 1040 3254 tanti
1061 3182 1129 3253 viri
1157 3203 1271 3275 opera

200 3303 376 3399 perierint
387 3295 551 3393 miranti,
579 3316 707 3393 praeter
721 3322 949 3375 communem
963 3302 1135 3392 temporis
1148 3304 1270 3376 omnia

203 3425 429 3496 conterentis
451 3436 558 3514 etque
580 3418 822 3494 consumentis
840 3422 1032 3511 rationem,
1058 3420 1094 3490 in
1112 3435 1272 3497 mentem

200 3543 404 3616 veniunt&
422 3543 497 3616 aliae
514 3542 603 3616 duae.
655 3541 771 3659 Primq
789 3540 945 3633 quidem,
972 3538 1069 3629 quod
1086 3535 1272 3637 Origenis,

201 3662 306 3755 eujus
332 3660 496 3735 odiosum
517 3681 651 3734 nomen
677 3661 746 3733 fuit
769 3682 811 3733 ac
831 3658 992 3732 dotirina
1018 3657 1201 3753 damnata,
1237 3662 1272 3735 u

200 3782 364 3857 imitator
458 3781 538 3854 'etit
561 3781 594 3854 ἃ
621 3783 810 3872 interpres.
873 3778 1006 3868 Neque
1033 3779 1099 3849 alia
1126 3782 1272 3855 videtur

201 3888 342 3994 cause,
355 3919 419 3972 cur
464 3901 559 3974 luter
576 3896 793 3973 Psalmorum
815 3897 984 3971 tratiatus
1003 3899 1272 3991 interciderint,

202 4026 416 4097 ceterorum
438 4040 517 4093 rata
537 4021 768 4094 inveniantur
791 4019 1028 4112 exemplaria,
1062 4020 1275 4096 &bomilia-

200 4163 282 4218 rum
296 4145 333 4215 in
349 4140 481 4234 Jobum
493 4140 602 4214 nulia.
653 4137 764 4211 Certe
781 4156 862 4211 cum
874 4137 1062 4234 hocipsrus
1073 4160 1164 4234 opus
1179 4142 1274 4231 apud

201 4260 240 4336 se
262 4258 331 4337 eise
353 4258 571 4337 existimaret
591 4259 820 4353 Licinianus,
848 4279 954 4353 quarn
974 4284 1052 4340 non
1069 4260 1208 4357 magni,
1236 4260 1272 4338 ur

651 4410 655 4416 ·
1158 4401 1222 4457 tur
