2742 4959
197 689 247 767 9o
380 651 437 742 ’8.
469 665 665 742 urrann
696 687 756 742 ne
785 667 1056 747 anlrrrnrn

197 831 239 900 od
262 822 427 922 imaginent
450 826 491 906 0
502 829 746 932 sturnitationem
765 832 913 929 nostram.
964 832 1066 908 Deus
1082 835 1176 912 enim
1198 855 1270 934 per

196 931 438 1027 legislatorem
456 928 646 1004 secundum
657 931 929 1027 intelligentiam
943 933 1100 1010 nostram
1117 937 1270 1016 locutus

197 1032 269 1127 est,
309 1035 429 1107 verbis
456 1031 653 1124 videlicet,
692 1033 820 1124 quibus
851 1033 904 1106 uti
928 1035 1000 1129 ipse
1022 1055 1092 1109 nos
1117 1039 1267 1138 voluit,

190 1135 445 1231 'cognitionem
474 1153 601 1206 eorum
623 1135 757 1225 nobis,
792 1135 1002 1230 quaegerlrt,
1038 1135 1266 1229 impertiens.

195 1231 405 1330 Significatu
434 1253 588 1324 namque
611 1231 682 1305 Dei
708 1229 806 1327 filio,
846 1255 911 1327 per
942 1253 1048 1329 quem
1067 1236 1159 1313 satia
1181 1239 1267 1316 sunt

195 1337 336 1418 omnia,
361 1337 485 1428 ineo,
511 1331 612 1426 quod
627 1331 756 1406 ditium
772 1333 840 1407 est:
871 1337 917 1407 Et
936 1337 1023 1408 lixit
1046 1341 1155 1410 Deus.-
1184 1345 1265 1420 liae

185 1443 451 1534 firmamentum
484 1431 670 1508 &rursum
681 1432 733 1506 ita
751 1432 882 1508 ditium
899 1434 969 1510 est:
1006 1438 1054 1509 Et
1065 1437 1151 1530 facit
1170 1444 1266 1516 Dm

184 1542 445 1637 firmammtum:
468 1555 515 1607 ne
532 1546 651 1607 tamen
669 1533 730 1606 hic
745 1534 838 1608 idem
859 1535 973 1609 inanis
995 1557 1038 1610 ac
1060 1535 1260 1632 superfluus

190 1637 309 1714 sermo
326 1633 603 1725 existimaretur,
627 1631 731 1707 fisrbi
746 1632 819 1725 ipse
836 1634 990 1726 dixillet,
1016 1648 1057 1710 ut
1075 1635 1193 1733 fieret,
1220 1643 1259 1718 δι

189 1737 326 1814 rursum
341 1733 413 1828 ipse
435 1731 594 1820 fecillet3
627 1732 712 1823 quid
732 1734 826 1808 enirn
844 1746 917 1809 tam
938 1738 1091 1813 alienum
1111 1742 1154 1814 ab
1183 1762 1256 1838 eo,

190 1841 251 1932 qui
275 1832 503 1927 formosior,
526 1846 570 1904 ut
584 1831 647 1906 fibi
667 1831 868 1907 iaciendum
891 1835 1049 1929 diceret,
1075 1860 1158 1914 curn
1184 1864 1257 1917 vo·

186 1943 328 2014 luntate
347 1949 488 2008 tanturn
504 1951 596 2024 opus
616 1928 727 2026 effer,
758 1946 801 2005 ut
813 1929 944 2008 fieret?
970 1937 1166 2016 absolutiua
1182 1963 1255 2016 vo·

184 2042 254 2115 luit
266 2038 416 2133 intelligi
432 2029 827 2131 fignificauonemhanc
838 2055 916 2110 non
929 2035 972 2110 ad
983 2035 1018 2112 se
1028 2051 1166 2115 tantum
1180 2041 1254 2120 ello

183 2138 423 2215 referendam.
473 2131 661 2209 Dicendot
693 2137 860 2206 Faciamus
873 2136 1076 2211 homimmad
1083 2145 1251 2236 imaginem

183 2239 226 2316 (α
236 2239 475 2332 fimilirudinem
490 2233 645 2330 nostram,
669 2231 806 2308 sustulit
821 2234 1003 2332 singularis
1020 2239 1250 2336 intelligenti·

183 2363 240 2413 am
257 2335 475 2432 professlone
492 2331 677 2408 consortii.
729 2332 960 2412 Consortium
974 2353 1090 2414 autern
1107 2339 1248 2415 eiieali·

155 2471 160 2480 ·
183 2439 283 2533 quod
302 2435 483 2521 solitario,
521 2432 595 2525 ipse
609 2432 671 2507 srbi
685 2453 763 2506 non
783 2436 914 2527 potest.
964 2435 1094 2532 Neque
1107 2439 1246 2517 rursum

182 2540 315 2632 recipit
340 2535 487 2611 solitarii
510 2532 669 2606 solitudo
686 2533 876 2631 jaciamus;
914 2558 1033 2628 neque
1059 2541 1246 2631 quisquam

180 2641 301 2714 alieno
322 2661 342 2711 a
361 2636 548 2731 fenestram
566 2634 740 2725 loquitur.
796 2636 961 2728 Uterque
976 2637 1111 2731 sermo,
1143 2642 1175 2714 δι
1185 2642 1245 2734 fa·

179 2750 315 2833 ciamus,
342 2739 377 2811 δι
394 2737 548 2834 nostram,
572 2748 615 2806 ut
628 2732 822 2808 solitarium
843 2738 1079 2831 eumdemque
1092 2765 1166 2816 non
1184 2766 1244 2838 pa·

177 2847 289 2931 titur3
324 2841 374 2913 ita
397 2858 513 2930 neque
531 2833 709 2910 diversum
728 2858 748 2914 a
767 2834 801 2914 se
818 2838 1042 2930 alienumque
1060 2842 1243 2937 fignificat.

176 2944 257 3014 Aut
285 2960 426 3033 quaero,
464 2938 488 3010 fi
517 2957 597 3009 cum
617 2937 738 3010 audias
760 2935 976 3031 solitarium,
1020 2958 1139 3016 utrum
1165 2966 1242 3019 non

173 3042 287 3134 ipsum
315 3038 550 3127 eumdemque
571 3033 641 3107 elie
662 3036 866 3112 existimes?
902 3036 983 3111 Aut
1001 3061 1082 3116 cunr
1098 3045 1241 3136 audias,

174 3162 253 3214 non
270 3138 382 3230 ipsum
394 3155 511 3224 neque
523 3136 703 3225 eumdem,
729 3157 835 3229 anne,
861 3138 959 3229 quod
976 3138 1152 3216 solitarius
1167 3159 1242 3216 tan·

173 3256 252 3314 tum
273 3239 337 3329 srt,
372 3233 574 3331 intelligas?
610 3233 649 3307 ln
669 3234 831 3309 solitario
853 3259 941 3331 ergo
970 3239 1167 3332 solitarius,
1201 3246 1239 3320 in

171 3360 252 3413 non
274 3339 403 3413 eodem
425 3357 517 3409 vero
533 3355 652 3426 neque
670 3335 768 3429 ipio,
794 3359 871 3413 non
888 3338 1063 3415 solitarius
1082 3343 1237 3430 reperie-

170 3454 245 3514 tur.
307 3437 478 3512 Solitario
505 3454 593 3533 ergo
620 3439 819 3528 convenit,
858 3438 1005 3531 faciam,
1044 3441 1236 3532 &meam;

170 3561 249 3614 non
265 3538 426 3611 solitario
445 3556 559 3629 vero,
579 3535 757 3632 suciamus,
779 3536 818 3615 m
833 3539 979 3638 nostram.

250 3650 306 3721 ιε.
334 3636 425 3712 Cum
435 3638 731 3734 itaquelegimus:
764 3639 1236 3710 Faciamusirominemmiima.

165 3742 290 3834 giam,
323 3739 362 3813 U
376 3739 611 3828 fimiiirudinem
630 3741 788 3835 nostram
823 3739 902 3830 quia
923 3738 1038 3810 sermo
1055 3753 1233 3831 uterque,

167 3854 303 3914 utnon
319 3837 514 3912 solitarium
532 3851 686 3934 tantum,
712 3840 762 3913 ita
778 3860 895 3929 neque
910 3837 1139 3915 differentem
1162 3841 1242 3917 else·

166 3937 360 4037 significan
394 3938 500 4010 nobis
522 3959 668 4030 quoque
691 3962 759 4013 nec
775 3939 951 4012 solitarius
965 3955 1125 4033 tantum,
1162 3964 1232 4015 nec

167 4040 328 4114 diversus
348 4036 399 4111 est
418 4033 666 4111 confitendus:
703 4041 848 4133 cognita
864 4061 929 4131 per
948 4040 1009 4132 id,
1048 4042 1146 4135 quod
1172 4066 1230 4111 no-

156 4138 540 4240 ]lramimaginrmdicit,
565 4140 1097 4234 nonetiamimaginesnostras,
1122 4140 1228 4214 unius

159 4243 198 4313 in
220 4257 379 4334 utroque
397 4238 620 4332 proprietate
634 4253 780 4314 natura.
831 4238 920 4315 Non
938 4240 1063 4315 strfficit
1084 4254 1224 4335 autem,

160 4337 272 4418 solam
292 4345 492 4416 verborum
509 4337 662 4417 attuliffe
676 4341 876 4440 rationem,
903 4343 964 4419 nist
977 4340 1150 4513 ditirlrlrum
1171 4341 1225 4419 in·

1014 4455 1051 4515 te
1079 4460 1175 4538 rgen-
