2742 4959
120 617 125 626 ι
181 687 254 766 19⁰
382 662 421 742 8.
451 663 650 740 Hrtnnn
678 679 739 738 oe
767 657 1042 736 Tullianae

177 841 305 922 amnt,
329 823 483 922 repulit,
508 845 591 899 eum
607 823 645 899 in
662 823 936 922 operationibus
954 823 1031 916 eius
1047 826 1141 923 magi
1157 825 1251 904 con·

177 927 331 1007 fitentur
346 928 495 1026 digitum
515 925 578 997 Dei
598 920 695 999 elsei
721 924 781 997 Sic
793 920 945 1016 Moyses
961 924 1139 1000 Pharaoni
1153 930 1252 1005 lleua

80 1081 83 1086 -
176 1031 283 1106 datus
305 1026 378 1121 est,
412 1027 496 1101 dum
522 1027 693 1119 timetur,
730 1024 815 1100 dum
830 1040 979 1119 oratur,
1017 1029 1101 1104 dum
1123 1033 1252 1128 punit,

178 1131 265 1206 dum
274 1129 451 1204 medetur.
494 1121 544 1199 Et
555 1125 649 1200 aliud
660 1123 712 1199 est
723 1127 835 1200 ileum
851 1124 940 1219 dari,
966 1125 1061 1201 aliud
1074 1125 1127 1202 est
1137 1132 1250 1206 neum

131 1298 134 1307 .
176 1227 263 1308 else.
313 1227 357 1303 In
377 1227 601 1302 Pharaonem
625 1226 722 1301 eninr
742 1227 835 1300 [leus
854 1224 958 1300 datru
976 1226 1045 1300 est:
1078 1242 1252 1308 ceterum

176 1349 259 1411 tlon
274 1331 307 1403 ei
323 1326 576 1419 elidrnatura,
602 1325 800 1421 &nomem
825 1337 869 1398 ut
883 1335 974 1399 lleua
989 1327 1041 1401 stt
1092 1326 1250 1407 Memini

176 1426 377 1526 quoque&
395 1426 699 1520 nuncupationis,
725 1427 786 1502 ubi
804 1425 953 1502 diciturr
981 1428 1046 1522 Ego
1062 1428 1154 1524 dixi,
1182 1435 1251 1503 Dii

177 1533 269 1632 dlis,-
303 1525 363 1603 sed
387 1529 425 1601 in
446 1547 495 1602 eo
517 1525 648 1600 indulti
672 1528 830 1601 nominis
852 1524 1063 1623 significatio
1085 1528 1147 1605 est.
1196 1527 1250 1604 Et

177 1629 243 1708 ubi
268 1629 442 1704 refertur:
476 1629 542 1720 Ego
562 1629 652 1717 dixi,
683 1627 867 1719 loquentis
890 1628 1015 1721 potius
1040 1625 1090 1701 est
1104 1624 1248 1725 sermo,

162 1752 288 1825 quam
308 1729 363 1803 rei
380 1749 533 1804 nomen:
566 1729 648 1819 quia
669 1727 723 1801 rei
746 1745 883 1801 nomen
904 1727 1180 1825 intelligentiam
1194 1729 1251 1805 rei

179 1830 303 1924 affert,
329 1841 499 1905 ceterum
511 1830 685 1904 voluntas
700 1827 951 1925 appellationis
968 1848 1014 1900 ex
1024 1830 1097 1902 alio
1113 1827 1175 1906 est.
1202 1829 1252 1908 lit

178 1931 245 2006 ubi
265 1928 602 2025 senuncupationis
621 1924 747 2003 audior
767 1925 938 2020 ostendit,
964 1928 1015 2002 ibi
1037 1949 1103 2022 per
1119 1927 1253 2006 sermo·

177 2052 265 2109 nem
280 2028 436 2106 auctoris
452 2027 505 2105 eil
520 2029 767 2126 nuncupatio,
791 2030 1047 2105 nonnatutale
1066 2033 1251 2108 nomenin

204 2151 326 2208 enere.

177 2151 204 2232 g
259 2251 316 2308 11.
343 2226 398 2301 At
409 2248 504 2304 vero
526 2228 587 2304 hic
601 2229 766 2306 Verbum
787 2230 882 2304 lleus
901 2224 968 2303 est:
996 2247 1053 2302 rer
1070 2227 1201 2304 exiistit
1212 2232 1251 2308 in

177 2331 328 2423 Verbo,
353 2323 470 2403 Verbi
484 2349 541 2403 res
556 2329 976 2404 enuntiaturinnomine.
1027 2328 1140 2403 Verbi
1154 2333 1253 2409 enim

179 2429 380 2526 appellatio
399 2431 436 2502 in
459 2430 521 2503 llei
545 2424 624 2506 filio
646 2430 693 2503 de
709 2429 933 2503 sacramento
948 2427 1147 2502 nativitatis
1174 2430 1250 2525 est,

176 2531 282 2608 srcuti
292 2529 469 2623 sapientiae
481 2529 514 2602 dr
525 2531 672 2602 virtutis
681 2529 896 2620 estnomen3
913 2549 1077 2620 quaecum
1091 2531 1252 2609 inlleunr

176 2631 295 2708 filium
313 2653 395 2707 curn
412 2628 709 2706 substantiaverae
720 2631 921 2705 nativitatis
930 2627 1143 2720 exstiterint,
1172 2634 1250 2706 lleo

172 2748 324 2828 tamen,
356 2744 398 2804 ut
415 2730 475 2805 sua
489 2731 655 2825 propria,
683 2733 848 2826 quamvis
866 2750 973 2803 exeo
993 2731 1029 2802 in
1048 2734 1157 2804 ileum
1182 2736 1251 2807 lint

177 2850 285 2924 nata,
318 2854 395 2906 non
411 2829 548 2908 desunt.
599 2829 691 2906 Non
712 2836 826 2926 enirn,
860 2830 949 2905 ficut
965 2830 1176 2921 frequenter
1199 2835 1250 2905 di·

178 2933 276 3008 etum
300 2934 444 3005 anobis
466 2932 538 3026 est,
565 2931 749 3008 divisonis
769 2931 938 3022 insilio,
974 2931 1032 3004 sed
1049 2934 1250 3007 nativitatis
1283 2973 1285 3036 p

177 3033 439 3108 sacramentum
453 3033 697 3125 predicamus.
747 3033 832 3108 Nec
850 3032 1026 3125 separatio
1041 3033 1251 3125 fuitimper·
1283 3043 1285 3082 ῑ

177 3132 297 3223 setta,
324 3129 381 3204 sed
399 3134 591 3227 progenies
608 3129 784 3227 persesiaz'
811 3136 893 3226 quia
908 3138 1078 3208 nativitas
1093 3157 1168 3207 non
1189 3136 1250 3206 ha·
1283 3085 1286 3224 l

177 3235 246 3310 bet
269 3233 523 3305 detrimentum
549 3234 766 3327 generandi,
802 3257 883 3308 cum
907 3235 1108 3329 profertum
1126 3248 1252 3307 teneat

177 3330 357 3409 nascendi.
414 3330 464 3404 Et
488 3333 625 3405 idcirco
654 3354 776 3408 earum
804 3355 925 3410 rerum
953 3336 1141 3428 unigenito
1168 3337 1247 3404 Deo

179 3448 303 3529 aptata
323 3434 542 3530 cognomina
564 3432 664 3529 sunt,
699 3457 776 3528 quae
796 3457 878 3511 cum
901 3456 983 3508 eurn
1005 3430 1249 3508 sllbslstelltem

178 3557 228 3612 cx
245 3537 440 3609 nativitate
462 3536 695 3632 consument,
722 3552 840 3612 tamen
859 3535 952 3609 Patri
969 3532 1073 3604 insint
1089 3552 1133 3604 ex
1148 3532 1250 3606 inde·
1284 3471 1287 3656 ι

174 3635 358 3714 mutabilis
374 3636 669 3711 virtutenaturae.
721 3633 1046 3736 Unigenitusenim
1059 3635 1151 3705 Deus
1166 3651 1249 3705 ver·
1285 3661 1287 3688 τ

174 3735 265 3814 bum
283 3736 354 3824 est3
383 3736 440 3810 sed
451 3735 664 3811 innascibilis
678 3735 785 3812 Pater
797 3755 988 3827 numquam
1005 3736 1156 3806 omnino
1174 3732 1249 3807 sine

176 3835 310 3912 Verbo
328 3834 397 3911 est:
424 3859 500 3909 non
522 3839 621 3930 quod
638 3841 796 3932 prolatio
817 3837 921 3910 vocis
945 3847 1073 3908 natura
1095 3836 1136 3908 stt
1149 3832 1178 3907 F
1180 3835 1245 3923 ilil;

174 3932 239 4014 sed
261 3958 308 4012 ex
325 3939 402 4011 Deo
421 3939 515 4012 Deus
537 3957 620 4016 cum
643 3939 843 4014 nativitatis
863 3937 1021 4009 veritate
1039 3929 1247 4027 subsistens,

171 4052 220 4112 tlt
242 4059 262 4112 a
276 4037 382 4113 Patre
400 4040 592 4133 proprius,
618 4039 734 4134 &per
749 4052 885 4112 naturae
902 4033 1179 4111 indifferentiam
1195 4035 1250 4108 in·

170 4136 378 4232 separabilis
394 4140 601 4224 doceretur,
626 4135 839 4238 significatus
854 4140 891 4213 in
903 4140 1021 4214 verbo
1032 4139 1094 4213 est.
1146 4136 1250 4210 Sicut

168 4236 337 4316 cbristus
356 4237 526 4337 sapientia
544 4241 578 4314 ἃ
596 4235 714 4315 virtus
733 4241 795 4314 [lei
814 4239 886 4334 est,
921 4263 999 4314 non
1019 4241 1099 4328 ille,
1132 4250 1173 4305 ut
1193 4237 1250 4308 in·

158 4341 285 4446 telligl’
307 4342 425 4446 solet,
460 4343 617 4428 interne
635 4341 852 4444 peremtis,
883 4357 946 4418 aut
969 4335 1086 4416 sensus
1119 4331 1248 4507 egesti

1062 4456 1127 4512 mu
1187 4458 1208 4507 a
