2742 4959
203 625 206 630 ’
522 604 860 706 ΒἈῘΠΥῚΧ.
1145 645 1221 724 313

152 795 265 887 ¹'seia't3
302 785 363 870 'sed
386 805 464 868 tum
488 789 599 886 seire,
637 793 719 885 quir
739 804 881 884 tempus
902 787 1146 886 auagmdum
1168 790 1221 878 stt

157 903 259 975 Scire
275 915 362 992 ergo
380 893 520 984 Deum,
545 913 623 970 non
638 889 912 988 estignorantiae
925 889 1138 981 demutatio,
1164 890 1224 964 sed

159 995 337 1090 t'emporia
345 993 545 1087 plenitudo.
562 1011 567 1022 ·
586 989 1047 1084 Expetlaturenlmrdhuc,
1068 1003 1115 1061 -ut
1127 988 1223 1064 sciat:

163 1100 199 1172 &
218 1117 298 1172 cum
321 1115 397 1167 non
416 1091 580 1187 polimus
604 1093 640 1163 id
656 1091 702 1164 de
720 1110 767 1164 eo
780 1091 1005 1186 intelligere,
1042 1090 1140 1181 quod
1163 1111 1224 1163 ne

161 1198 271 1285 sciat3
304 1214 384 1266 cum
407 1207 525 1267 tamen
541 1191 659 1264 adhuc
675 1189 861 1282 exuestet,
895 1203 937 1262 ut
951 1189 1056 1278 sciat,
1083 1188 1224 1264 necess'e

161 1298 237 1391 est,
270 1308 312 1367 ut
331 1295 387 1387 id,
420 1291 518 1382 quod
539 1287 653 1363 sciens
670 1285 801 1378 nescit,
833 1287 1039 1364 &nescient
1061 1285 1147 1380 scit,
1172 1290 1224 1362 ni·

161 1399 213 1474 hil
233 1393 349 1488 aliud,
375 1413 480 1485 quam
496 1391 557 1464 vel
575 1388 749 1483 loquendi
764 1387 973 1485 dispensatio
992 1388 1055 1482 lit,
1080 1391 1142 1463 vel
1165 1409 1225 1486 ge·

160 1498 273 1571 rendi.
1148 1517 1150 1522 ·

237 1603 297 1684 64.
324 1589 414 1664 Non
429 1609 517 1686 ergo
531 1588 660 1687 ambigi
672 1589 772 1682 licet,
799 1587 869 1663 Dei
882 1587 1060 1662 scientiam
1078 1611 1123 1663 ex
1138 1604 1226 1665 tem·

158 1715 255 1794 pore
271 1691 394 1785 potius
411 1687 503 1785 elie,
528 1709 632 1783 quam
651 1711 697 1763 ex
712 1689 978 1781 demutatione,
1005 1709 1085 1762 curn
1106 1691 1149 1762 ad
1167 1690 1227 1784 iu,

163 1792 264 1887 qnod
288 1791 387 1863 Deus
413 1789 498 1874 scit,
532 1786 744 1884 profitendae
770 1791 892 1882 potius
915 1786 1069 1862 scientim
1084 1803 1225 1882 tempus

161 1894 234 1983 fit,
260 1909 365 1981 quam
379 1890 536 1982 adaptet
559 1904 601 1962 ut
622 1891 730 1963 etiam
750 1909 796 1961 ex
812 1889 888 1962 hoc
904 1888 1099 1980 docemur,
1126 1888 1227 1980 quod

164 1992 211 2067 ad
228 1990 406 2063 Abraham
420 1987 550 2063 dietim
565 1988 634 2063 est:
661 1992 717 2062 Ne
732 1993 1096 2087 injiciasmanttmtuam
1110 1996 1146 2072 in
1152 2010 1227 2085 pue·
1285 2071 1289 2080 Ι

166 2117 249 2177 rum,
274 2087 313 2167 ὅ
328 2115 370 2160 ne
382 2090 489 2182 socias
506 2084 554 2162 r'Hi
569 2089 758 2187 quidquam:
783 2113 871 2158 nunc
886 2093 971 2159 enirn
984 2094 1124 2182 cognovi,
1148 2093 1227 2188 quia

164 2196 258 2265 times
273 2193 380 2264 Deum
398 2207 508 2274 ruumt
529 2187 574 2264 (Ἰ
589 2188 907 2306 ηοηφιμνειβὲρἱὀ
919 2203 973 2260 tuo
986 2188 1228 2289 diletiopropter

154 2315 223 2370 <me
274 2289 377 2363 Deua
394 2290 516 2382 itaque
535 2283 649 2364 modo
666 2287 749 2363 sert:
775 2288 887 2363 modo
908 2301 1026 2363 autem
1040 2288 1142 2379 scire,
1169 2309 1229 2365 an»

164 2391 312 2465 terioris
326 2387 794 2485 ignorantiaeprofeffioest.
845 2389 958 2486 Quod
969 2409 1049 2462 cum
1060 2391 1096 2462 in
1109 2389 1230 2464 Deum

163 2491 373 2583 nonerunt,
398 2510 516 2582 neque
528 2504 571 2562 ut
581 2489 804 2587 ignoraverit
815 2504 919 2563 antea
932 2486 1074 2561 fidelem
1086 2489 1147 2561 fibi
1160 2486 1230 2564 elle

165 2590 364 2681 Abraham,
390 2589 437 2663 de
456 2610 530 2680 quo
544 2589 673 2662 ditium
697 2587 768 2663 est:
793 2587 919 2661 Credit
933 2585 1115 2660 Abraham
1130 2587 1230 2680 Deo,

165 2690 203 2762 δι
233 2689 444 2780 deputatum
469 2687 520 2760 est
546 2691 580 2760 ei
596 2687 641 2760 ad
656 2685 847 2779 justitium
885 2688 982 2775 hoc,
1019 2686 1118 2777 quod
1133 2706 1231 2760 nune

166 2788 363 2880 cognovit,
389 2802 529 2878 tempus
543 2783 609 2876 est,
634 2805 709 2877 quo
724 2782 905 2858 Abraham
920 2783 1160 2859 testimonium
1175 2807 1231 2862 au-

166 2889 287 2979 cepit,
313 2905 390 2959 non
404 2888 511 2959 etiam
529 2883 617 2958 scire
633 2884 734 2958 Deua
755 2883 884 2978 cupit,
910 2881 1095 2959 Abraham
1110 2886 1229 2979 enim,

164 2982 383 3062 holocausto
398 2981 488 3076 filii,
514 2981 765 3077 diletiionem‚
791 3004 897 3076 quam
916 2985 961 3058 ad
981 2983 1101 3060 Deum
1122 2985 1230 3062 haba

151 3090 252 3181 bat,
287 3085 480 3159 docueratt
512 3083 615 3160 Deua
640 3098 718 3159 tum
729 3087 933 3180 cognovit,
959 3105 1041 3160 cum
1055 3085 1229 3176 loquitur.

163 3185 217 3260 Et
242 3185 324 3278 quia
347 3198 429 3259 ante
448 3180 584 3260 nescire
601 3204 678 3259 non
702 3183 955 3281 intelligendus
978 3181 1052 3273 estr
1091 3183 1234 3260 neceffe

166 3283 235 3379 est,
261 3285 398 3361 idcirco
416 3295 506 3359 tunc
518 3285 736 3383 intelligatur
752 3282 939 3382 eognoll’e,
964 3285 1047 3377 quia
1056 3285 1231 3378 loquitur.

164 3383 217 3457 Et
241 3384 287 3458 de
306 3383 466 3478 plurimis
489 3386 655 3478 quidem,
682 3405 760 3480 quae
779 3384 824 3464 de
846 3382 992 3460 scientie
1012 3383 1084 3459 Dei
1107 3383 1231 3460 'sesto

165 3500 295 3560 mento
310 3487 429 3561 veteri
443 3485 692 3588 continentur,
716 3484 794 3558 hec
806 3496 946 3559 tantum
959 3484 1113 3580 exempli
1129 3483 1231 3562 causa

166 3582 410 3660 demonstrata
433 3586 577 3659 anobis
593 3583 691 3660 sunt:
715 3598 758 3657 ut
773 3582 831 3676 id,
864 3581 963 3674 quod
979 3582 1092 3659 nescit
1105 3583 1231 3681 Deua,

165 3703 249 3795 non·
268 3685 505 3780 ignorationis
531 3682 634 3760 eausa
653 3684 915 3782 intelligeretur
936 3681 1028 3782 effe,
1064 3683 1124 3762 sed
1142 3697 1233 3763 tem-

196 3802 281 3857 one.
583 3825 590 3836 ·

166 3805 192 3883 p
244 3887 305 3971 65.
330 3881 372 3956 In
388 3878 596 3982 Evangeliie
615 3902 710 3958 vero
726 3882 924 3960 Dominum
936 3887 1048 3962 multa
1061 3882 1231 3963 scientem

165 3980 305 4060 nescire
326 3983 542 4062 invenimus.
593 3982 793 4078 Operarioa
812 3985 1029 4082 iniquitatis,
1059 3988 1097 4060 in
1119 3985 1235 4058 virtu-

154 4083 267 4156 ·tibus
283 4083 424 4162 multis,
455 4080 490 4157 δι
508 4086 545 4158 in
563 4085 711 4161 nomine
728 4086 804 4181 ejur
822 4085 1041 4184 glorianter,
1071 4105 1230 4160 nonno·

168 4185 227 4259 vit
247 4183 388 4258 dicens:
422 4184 469 4256 Et
491 4165 570 4256 time
578 4186 714 4283 jurabo,
737 4190 896 4284 quianon
910 4193 1075 4260 nominos.
1125 4185 1234 4274 Dchr·

168 4282 235 4364 liro
252 4311 334 4366 ame
350 4309 467 4378 omnes,
492 4290 550 4390 qui
562 4290 737 4466 optrangni
750 4289 965 4392 inquitatem.
1013 4283 1134 4401 Etiam
1150 4305 1233 4364 cum

728 4405 750 4484 5
1089 4405 1185 4484 JUl'e·
