2742 4959
372 643 694 722 Scurrae.
949 657 1069 734 exunt

149 809 194 882 ini
212 807 301 901 PP.,
334 809 393 902 qui
412 809 550 882 litteras
568 803 790 900 scripserint,
816 799 1066 900 inquirendum

149 934 208 1013 tis,
236 933 293 1002 cui
313 929 406 1004 hanc
426 926 612 1022 epistolam
636 927 847 1002 tribuamus.

163 1053 367 1144 Antequam
398 1050 546 1144 vulgata
579 1047 778 1121 Bibliorum
809 1049 1065 1140 interpretatio

149 1171 249 1245 :lestis
280 1169 531 1263 reciperetur,
571 1185 649 1240 eam
677 1165 1068 1262 fuisse'composrtarm

152 1291 311 1364 tilsrmum
326 1304 430 1382 puto.
480 1282 619 1360 Differt
634 1287 728 1361 enim
744 1287 934 1380 plurimum
945 1313 971 1364 a
991 1295 1069 1368 vul·
1188 1343 1191 1354 ·

156 1411 290 1501 vetito,
317 1429 395 1500 quae
408 1409 447 1482 in
468 1407 620 1500 epistola
638 1407 704 1480 hac
722 1410 917 1504 allegatum·
961 1407 1068 1496 Praeit

149 1534 261 1606 :ulum
276 1527 397 1621 Vlll.,
423 1547 498 1619 quo
515 1526 650 1601 scilicet
664 1541 830 1620 tempore
847 1531 883 1602 in
898 1523 1067 1610 Ecclesrit

149 1653 298 1726 ntalibus
320 1649 398 1722 sere
426 1649 595 1723 omnibus
623 1648 770 1744 vulgata
796 1649 972 1724 invaluit·
1012 1651 1068 1728 llt

154 1775 202 1846 uli
226 1770 435 1863 scriptorem
457 1768 538 1850 satis
555 1769 692 1842 indicat
714 1765 846 1842 summa
862 1769 1067 1867 diligentia
1209 1755 1214 1766 ’

150 1915 203 1966 rm
226 1891 401 1982 studium,
436 1911 511 1983 quo
535 1889 638 1963 verbi
656 1888 770 1960 divini
790 1885 1070 1966 consubstantia-

150 2066 162 2104 ‚
191 2025 297 2103 atque
310 2009 546 2082 eternitatem
563 2008 719 2079 stabilire
738 2006 875 2094 studet,
903 2007 936 2080 dt
955 2011 1070 2084 incui-

150 2133 283 2223 ieoque
296 2128 453 2202 Arianos
466 2127 501 2202 sc
514 2127 751 2202 semiarianos
768 2125 951 2202 refellere:
978 2150 1069 2226 prae·

150 2273 199 2325 ro
214 2249 361 2324 hereses
380 2249 550 2341 deinceps
569 2259 738 2341 exortae,
764 2263 871 2340 atque
886 2251 1069 2328 adeoMa·

150 2396 235 2446 lnam
251 2369 359 2464 ipsam
375 2369 676 2444 semiarianorum
689 2371 1069 2464 tempore'celebrem'e

150 2496 185 2566 le
207 2494 342 2586 Spiritu
363 2490 398 2566 S.
424 2492 578 2582 loquens
601 2488 645 2560 iic
663 2489 779 2562 utitur
796 2489 1068 2586 locutionibus3

150 2614 290 2705 ›stquam
315 2610 451 2684 haeresrs
471 2629 514 2682 ea
530 2608 672 2704 viguit,
708 2632 728 2682 a
751 2609 834 2681 viro
856 2611 1066 2706 catholicop

155 2734 259 2805 rocul
278 2732 389 2802 dubio
413 2729 465 2802 est
480 2727 634 2820 scriptor
649 2725 787 2820 noster,
813 2727 972 2802 adhiberi
989 2751 1068 2808 non

150 2871 208 2930 mr,
223 2913 234 2944 ,Ι
258 2846 590 2944 Scriptaitaqueest
603 2845 1069 2942 epistolahaecpantequam

150 2977 242 3048 ›nius
266 2989 404 3046 novam
433 2965 577 3042 haeresrn
609 2967 797 3042 conderet.
869 2969 971 3046 Inter
1002 2979 1070 3052 eoi

176 3116 267 3188 quos
296 3111 360 3184 per
381 3110 423 3163 ea
441 3102 607 3180 tempora
632 3087 799 3180 epistolas
818 3088 985 3186 scripsrss'e
1002 3097 1070 3170 noi

179 3216 212 3287 dt
240 3214 343 3286 verbi
367 3212 591 3284 diuinitatem
612 3225 720 3301 atque
734 3211 970 3288 eternitatem
990 3211 1070 3290 eni

194 3337 354 3408 eminent
377 3330 531 3436 Hilarius
561 3327 796 3413 Piilaveniis‚
835 3331 1070 3418 &Eusebiua

157 3456 259 3528 ensis.
309 3451 403 3526 Atsr
420 3451 497 3540 quis
510 3445 694 3542 epist'olam
709 3449 802 3524 h'anc
821 3471 902 3526 curn
916 3453 957 3526 iia
972 3475 1073 3532 com·

151 3578 187 3648 ·it
201 3572 344 3647 Eusebii
363 3569 538 3663 epistolis,
566 3589 652 3661 quas
670 3569 850 3644 Batonius
866 3575 1070 3671 evulgavit,

151 3696 194 3768 lo
218 3695 375 3783 videbit,
414 3712 491 3764 earn
510 3690 554 3763 ab
572 3687 715 3766 Eusebii
735 3691 815 3765 stilo
833 3691 948 3766 abesse
966 3717 1071 3788 quam

150 3839 220 3907 nn,
256 3812 430 3886 accedere
453 3823 572 3884 autern
597 3811 641 3884 ad
667 3833 745 3885 eana
767 3813 938 3905 loquendi
961 3813 1073 3888 ratio-

151 3959 239 4029 ruam
254 3935 411 4008 Hilarius
430 3932 467 4003 in
484 3931 582 4003 libris
597 3929 665 4006 suis
681 3931 733 4006 est
749 3931 993 4023 conuentum
1021 3950 1074 4009 at·

151 4081 187 4132 ro
210 4061 246 4132 in
262 4078 308 4130 eo
330 4049 581 4129 tantummodo
607 4053 651 4126 ab
671 4054 714 4126 iis
732 4053 897 4144 differre,
925 4057 1023 4144 quod
1047 4055 1073 4128 ii

165 4177 332 4252 oratorio
358 4172 439 4246 stilo
465 4173 675 4266 compositi,
716 4175 885 4248 elatiores
904 4175 991 4263 sint,
1031 4193 1073 4247 ac

151 4321 252 4389 πως
290 4292 440 4393 epistola
458 4312 551 4368 vero
572 4294 650 4370 nee
668 4294 816 4388 humili,
855 4293 992 4368 tametsi
1015 4316 1075 4370 or·

912 4426 1047 4516 nato„
