2742 4959
155 676 238 741 uu
491 648 888 732 ยง.Hanania

158 819 281 903 tamen
296 833 403 893 uranu
418 811 564 889 adtexta
579 812 650 910 est,
676 815 791 892 Patris
799 832 982 919 naturam,
1009 822 1196 902 &aterna

158 945 239 1024 Filii
247 937 474 1017 nativitatem
482 934 626 1013 humaui
634 937 768 1036 ingenii
778 941 874 1015 vires
883 938 1048 1037 superare
1058 947 1196 1025 declara

261 1057 427 1137 indolem
448 1057 554 1131 animi
567 1060 672 1152 plane
690 1057 865 1135 diversam
879 1060 1011 1155 spirare
1026 1067 1195 1143 videtur]

158 1189 228 1266 ber
241 1180 317 1271 iste,
343 1199 385 1254 ac
403 1180 441 1252 in
454 1179 531 1252 aliis
547 1175 676 1251 Hilarii
696 1180 868 1272 operibus
879 1180 1109 1278 inlperinm,
1133 1212 1195 1265 unc

161 1295 455 1396 &libtnmipsurn
466 1296 623 1391 Hilario,
649 1297 760 1391 liquis
770 1299 868 1374 forte
876 1324 922 1376 ex
937 1304 1010 1378 hoc
1024 1309 1142 1400 capite
1156 1312 1195 1384 el

160 1427 332 1518 scriptum
353 1418 398 1492 ab
421 1417 487 1492 illo
511 1437 644 1515 negate
665 1423 850 1517 voluerit,
886 1424 1109 1502 &Hilarium
1133 1452 1195 1523 qua

157 1548 298 1628 sibimet
311 1537 497 1615 vindicare
507 1552 673 1634 oportet,
698 1563 739 1616 ac
751 1541 954 1637 ostendere,
986 1553 1195 1625 nonanimu:

157 1663 343 1749 scribentis
364 1658 543 1755 placidum
565 1680 608 1734 ac
630 1664 750 1739 lenenr
763 1679 959 1757 mutatum,
998 1667 1057 1742 sed
1078 1673 1195 1747 circun

156 1790 306 1872 stantiae
323 1782 429 1855 alium
450 1776 653 1875 scriptionis
672 1784 821 1858 modurn
838 1784 1038 1879 postulasse.

265 1908 492 2006 Quamquam
509 1900 582 1976 hoc
600 1902 861 1998 demonstrato,
888 1927 963 1980 non
978 1906 1079 2002 ellet,
1107 1928 1194 1985 curt

80 2015 86 2024 ยน
157 2043 333 2126 meatur,
346 2044 394 2097 ne
410 2022 489 2116 quia
508 2021 635 2097 Hilarii
650 2022 719 2099 elie
735 2028 831 2100 hunc
848 2028 1004 2100 libellum
1022 2046 1148 2125 neget,
1171 2036 1194 2126 ji

155 2166 223 2227 vat
240 2165 360 2222 tamen
379 2144 479 2237 priua
497 2164 578 2218 eunt
603 2148 697 2239 quasi
720 2146 780 2222 sua
800 2148 837 2223 in
860 2146 940 2221 sede
959 2148 1139 2232 stabilire,
1167 2174 1194 2223 u

156 2272 335 2370 thoritate
351 2264 568 2355 Hieronymi
587 2270 758 2360 primurn,
785 2268 845 2360 qui
863 2270 956 2341 inter
970 2291 1081 2362 opera
1097 2272 1194 2344 Hilar

155 2411 240 2468 curn
259 2381 441 2476 recenset,
474 2403 516 2455 ac
534 2382 692 2460 Facundi
712 2387 893 2462 Hermian.
912 2389 973 2462 lib.
991 2404 1119 2463 contra
1138 2392 1194 2463 M(

152 2516 306 2587 rianurn.
363 2504 461 2579 Dein
478 2505 585 2579 etiam
602 2509 762 2581 omnium
779 2505 1106 2602 Manuscriptorunr
1124 2514 1194 2585 cod

156 2654 254 2725 cunr,
279 2626 449 2703 Vaticani
468 2623 657 2720 prasertim
673 2648 693 2699 a
709 2626 901 2700 duodecim
913 2651 1005 2721 pene
1022 2630 1147 2705 seculis
1162 2656 1194 2706 er

155 2756 268 2846 arati,
294 2747 355 2843 qui
371 2765 503 2844 rnagno
518 2742 694 2820 consensu
711 2768 792 2821 euru
808 2747 949 2822 Hilario
970 2748 1185 2828 adscribunt.

252 2869 309 2944 Ut
331 2870 438 2943 etianr
461 2866 618 2942 Hilarius
639 2865 779 2941 sibimet
798 2869 1027 2965 vindicetur,
1073 2894 1114 2945 ac
1133 2874 1193 2948 libi

152 2994 296 3092 qualem
322 2988 451 3081 reliqui
479 2987 555 3080 ejus
578 2986 658 3060 libri
689 3009 770 3063 eunr
797 2986 1012 3087 ostendunt,
1056 2993 1193 3068 constat

152 3087 377 3204 ostendatur,
404 3105 1098 3204 acamoveaturabeosuspiciounistra,
1126 3136 1192 3206 qua

151 3232 298 3314 immitis
315 3228 426 3305 fuerit
442 3226 549 3303 animi
567 3230 624 3299 uir
642 3225 813 3310 Hilarius,
838 3245 899 3301 aut
917 3230 1037 3307 saltem
1052 3232 1193 3327 ingenit:

150 3353 328 3434 bonitatis
346 3361 454 3441 atque
467 3347 649 3440 lenitatis,
674 3347 759 3424 durn
774 3348 904 3424 librum
922 3350 1019 3423 bunc
1033 3347 1193 3424 scriberet

152 3478 309 3555 obiitus:
335 3470 498 3547 audiatur
508 3469 624 3561 primo
635 3464 813 3561 Ruffinus,
839 3471 898 3562 qui
913 3467 1112 3546 nonsolurn
1129 3494 1193 3547 cor

151 3598 268 3693 ceptis
285 3592 407 3668 verbis
424 3584 592 3682 testatur,
618 3587 717 3679 quod
734 3588 889 3666 Hilarius
911 3606 1037 3664 natura
1056 3592 1144 3669 ienis
1162 3594 1192 3668 fr

149 3723 237 3814 erit,
262 3736 304 3791 ae
319 3710 495 3810 placidus,
520 3705 579 3783 sed
595 3707 629 3781 dr
645 3710 760 3783 verba
770 3708 829 3784 sua
842 3732 887 3785 ex
901 3711 1004 3809 gellis
1013 3711 1117 3807 ipsius
1129 3736 1192 3790 cor

146 3840 280 3921 firmat.
337 3831 456 3907 Rarus
479 3842 585 3906 certo
606 3815 699 3925 erit,
734 3830 827 3925 apud
845 3850 950 3922 quern
969 3852 1046 3905 nnn
1063 3837 1192 3909 inuitur

145 3950 754 4048 valeattestimoninmtarninirgne.
801 3952 1192 4030 Validinsadhucmuln

146 4084 218 4162 erit
234 4071 455 4168 antiquitatis
473 4071 589 4146 totiua
604 4068 848 4148 testimonium
866 4073 984 4169 aliud,
1012 4075 1110 4169 quod
1124 4078 1192 4148 olin

144 4205 184 4283 in
198 4198 277 4299 ipso
288 4188 510 4272 sacroiando
521 4178 696 4267 sacrificio
712 4190 1017 4269 EccleiiaHilatio
1032 4196 1192 4278 exhibuit

143 4324 184 4399 in
202 4316 416 4418 prefatione
435 4307 571 4387 scilicet
584 4326 669 4388 ante
686 4306 876 4396 Cenonenr
896 4336 977 4393 eum
995 4334 1137 4394 morum
1162 4319 1191 4393 le

138 4443 262 4519 nitate
270 4438 478 4537 pollentem
495 4434 702 4511 decantant.
1019 4435 1165 4514 Deinde
