2742 4959
195 637 244 723 48
393 628 429 710 S.
462 627 748 704 Haraurrua
779 623 1060 704 Tarurrurc

197 787 321 868 tentus
335 791 513 884 erumpit,
539 787 692 864 Mariam
707 785 868 888 Angelus
881 791 1086 885 benedicit,
1111 805 1269 876 matrem

198 890 747 987 filiiDeivirginempollicetur.
798 889 1282 985 lllavirginitatissuaecom.

198 991 269 1068 scia
285 989 492 1064 difficultate
511 987 592 1062 facti
615 1004 895 1085 commovetur,
928 991 1087 1088 Angelus
1108 990 1266 1070 efficien-

198 1093 285 1166 tiam
306 1089 437 1164 divinas
461 1091 683 1182 operationis
708 1089 883 1184 exponit3
918 1092 967 1163 alt
981 1092 1092 1165 enim:
1118 1097 1266 1190 Spiritus

193 1190 329 1287 ,studius
345 1191 469 1285 desuper
484 1195 593 1261 vmiet
608 1196 646 1260 r'n
659 1207 712 1282 re,
745 1193 784 1265 U
799 1195 909 1262 uirtus
927 1188 1086 1283 Altiffimr'
1101 1193 1279 1272 obumbra„

198 1293 248 1365 hir
266 1295 340 1363 rili.
391 1289 543 1384 Spiritus
563 1287 698 1364 sendus
714 1288 863 1385 desuper
881 1292 1032 1365 veniens
1052 1293 1198 1390 virginis
1210 1299 1267 1370 in·

200 1393 337 1468 teriora
352 1386 598 1483 sandificavit,
624 1389 657 1463 dr
677 1391 714 1463 in
729 1390 783 1464 his
799 1388 946 1484 spirans,
973 1393 1067 1484 quia,
1094 1396 1153 1466 ubi
1165 1398 1265 1489 vult,

200 1492 353 1586 Spiritus
379 1487 505 1584 spirat,
539 1501 674 1563 nature
690 1491 725 1564 se
741 1491 902 1566 humane
918 1492 1031 1564 carnis
1051 1492 1263 1585 immiscuit,

200 1591 238 1666 dr
254 1590 311 1681 id,
345 1590 444 1682 quod
472 1587 627 1664 alienum
649 1610 669 1661 a
692 1587 730 1665 sc
747 1608 848 1683 crat,
883 1592 922 1664 vi
945 1591 1002 1663 sua
1021 1613 1061 1662 ac
1081 1592 1266 1684 potestate

200 1689 407 1786 presumsrtr
422 1753 428 1764 .
444 1700 552 1780 atque
574 1700 617 1761 ut
641 1708 690 1763 nc
710 1690 793 1781 quid
808 1709 873 1782 per
892 1690 1173 1766 imbecillitatem
1193 1695 1261 1768 hu·

130 1811 135 1820 ·
200 1792 297 1868 urani
310 1790 475 1882 corporis
492 1786 681 1882 diffideret,
706 1788 822 1862 virtus
839 1789 999 1865 Altiffimi
1011 1791 1187 1888 virginem
1197 1796 1265 1868 ob·

199 1890 407 1982 umbravit,
439 1884 681 1974 infirmitatem
706 1889 783 1983 ejus
801 1890 917 1962 velutl
933 1910 996 1985 per
1013 1894 1173 1966 umbram
1196 1895 1263 1966 cir·

201 1989 358 2066 cumiusa
376 1985 618 2080 confirmans,
642 2002 685 2061 ut
700 1989 742 2063 ad
761 1988 991 2064 sementivam
1014 1991 1169 2066 ineuntis
1184 1993 1264 2088 Spi-

199 2093 289 2165 ritus
306 2087 497 2164 cfficaciam
512 2085 735 2163 substantiam
754 2092 981 2184 corporalem
1000 2090 1130 2166 divine
1149 2094 1265 2166 virtu·

198 2191 247 2264 tis
261 2188 479 2264 inumbratio
490 2201 719 2283 temperaret.
768 2188 856 2265 Haec
866 2193 1117 2285 conceptionis
1129 2191 1178 2267 est
1189 2193 1265 2291 dig·

197 2289 304 2367 nitas.
728 2321 732 2329 ·

210 2413 213 2418 ·
276 2411 333 2485 27.
359 2385 556 2464 Videamus
567 2402 722 2482 partum,
749 2388 951 2489 vagitum&
970 2412 1078 2464 cunas
1094 2390 1264 2487 dignitas,

200 2507 280 2582 qum
302 2488 479 2581 sequatur.
531 2487 712 2579 Loquitur
734 2490 777 2562 ad
792 2487 921 2584 Joseph
944 2489 1102 2587 Angelus
1126 2493 1262 2584 paritu-

197 2615 274 2669 ram
289 2591 494 2688 Virginem,
520 2589 669 2680 dueum,
696 2592 756 2681 qui
776 2605 880 2663 natus
898 2587 1025 2678 suerit,
1053 2595 1262 2669 vocandum

198 2691 428 2784 Emmanuel,
455 2687 569 2780 idest,
595 2690 786 2762 nobiscum
809 2689 920 2764 Deus.
972 2690 1173 2764 Proclamat
1185 2693 1263 2785 Spi-

198 2799 288 2871 ritus
314 2812 379 2887 per
399 2790 635 2884 prophetam,
653 2790 833 2887 ‘Angelus
852 2789 947 2863 testis
967 2791 1036 2880 est,
1074 2789 1173 2863 Deus
1196 2814 1265 2867 no·

198 2899 337 2971 hiscum
359 2890 410 2964 est
422 2891 495 2980 ille,
523 2892 580 2980 qui
595 2889 760 2966 nascitur.
812 2889 965 2965 Novum
977 2892 1093 2990 Magis
1108 2892 1152 2963 dc
1169 2896 1260 2967 celo

197 2996 306 3071 stellae
326 2993 444 3063 lumen
467 2987 639 3081 effertur,
675 2991 709 3062 dt
733 2991 807 3062 caeli
825 2990 1022 3065 Dominum
1043 2991 1175 3086 lignum
1195 3014 1263 3066 cae.

195 3095 283 3169 leste
299 3087 536 3184 prosequitur.
587 3085 748 3185 Angelus
762 3089 960 3183 pastoribus
981 3092 1121 3164 nuntiat
1135 3107 1261 3170 natum

199 3192 374 3270 Christum
400 3187 617 3279 Dominum,
649 3185 794 3261 salutem
815 3190 1076 3265 universorum.
1135 3188 1264 3265 Multi·

198 3295 290 3369 tudo
304 3290 483 3368 exercitus
501 3287 646 3361 caelestis
662 3290 698 3362 in
717 3290 854 3363 laudem
871 3293 1050 3384 puerperii
1060 3294 1261 3387 concurrit,

198 3394 234 3467 dr
249 3393 339 3468 tanti
358 3389 477 3484 operis
495 3390 677 3484 praeconia
692 3388 804 3462 divini
820 3405 928 3462 cretus
942 3392 1067 3486 gaudia
1084 3392 1262 3482 eloquun-

197 3508 270 3572 tur.
321 3490 448 3564 Gloria
464 3488 594 3564 deinde
608 3491 645 3562 in
665 3491 758 3563 caelis
774 3489 873 3582 Deo,
898 3490 1018 3585 &pax
1035 3492 1070 3563 in
1091 3494 1272 3565 certabo--

196 3591 468 3684 nevoluntatis
493 3589 699 3663 hominibus
713 3590 909 3666 nuntiatur.
959 3590 1100 3664 Adsunt
1129 3591 1262 3667 deinde

195 3693 313 3791 Magi,
336 3691 542 3765 involutum
584 3691 685 3764 aunis
701 3691 869 3765 adorant:
895 3691 1128 3786 &postillam
1143 3691 1260 3766 inanis

196 3792 351 3870 scientie
372 3789 438 3865 suae
465 3712 716 3884 aperitionem
738 3811 924 3881 arcanam,
957 3790 1076 3883 posrto
1103 3792 1138 3866 in
1156 3794 1261 3866 cunis

196 3913 290 3994 genu
308 3889 466 3965 fledlunt.
518 3890 577 3963 Sic
592 3910 658 3986 per
678 3890 810 3988 Magos
835 3908 1004 3963 cunarum
1029 3888 1150 3965 sordes
1173 3891 1262 3965 ado·

196 4008 342 4084 rantur,
368 3990 415 4065 s1c
431 3991 571 4087 vagitus
588 4009 652 4084 per
670 3989 894 4086 Angelorum
910 3988 1031 4063 divina
1046 3991 1173 4087 gaudia
1190 3992 1263 4064 ho·

195 4107 368 4188 noratur,
402 4090 449 4165 src
466 4090 582 4184 partui
601 4092 827 4183 proclamans
843 4110 908 4185 per
921 4093 1135 4188 prophetam
1151 4089 1264 4186 Spiri-

199 4209 276 4274 tus,
299 4192 334 4267 &
353 4188 514 4284 Angelus
531 4191 721 4285 nuntians,
749 4190 784 4263 dt
802 4213 910 4264 novae
925 4194 1013 4264 lucis
1031 4194 1129 4264 stella
1146 4192 1263 4266 samu·

194 4297 303 4376 latur.
353 4289 412 4370 Sic
427 4289 528 4368 initia
543 4286 709 4366 nascendi
726 4290 877 4388 Spiritus
896 4288 1033 4367 sandius
1052 4289 1265 4385 superveni·
1294 4321 1299 4328 ·

1066 4484 1070 4492 Ι
1120 4410 1209 4494 cus,
