<?xml version="1.0" encoding="UTF-8"?>
<!DOCTYPE html PUBLIC "-//W3C//DTD XHTML 1.0 Transitional//EN"
    "http://www.w3.org/TR/xhtml1/DTD/xhtml1-transitional.dtd">
<html xmlns="http://www.w3.org/1999/xhtml" xml:lang="en" lang="en">
 <head>
  <title>
</title>
<meta http-equiv="Content-Type" content="text/html;charset=utf-8" />
  <meta name='ocr-system' content='tesseract 3.04.00' />
  <meta name='ocr-capabilities' content='ocr_page ocr_carea ocr_par ocr_line ocrx_word'/>
</head>
<body>
  <div class='ocr_page' id='page_1' title='image "./operaomniasanct00librgoog/operaomniasanct00librgoog_0177.png"; bbox 0 0 2742 4959; ppageno 0'>
   <div class='ocr_carea' id='block_1_1' title="bbox 502 615 1199 726">
    <p class='ocr_par' dir='ltr' id='par_1_1' title="bbox 502 615 1199 726">
     <span class='ocr_line' id='line_1_1' title="bbox 502 615 1199 726; baseline 0.007 -25"><span class='ocrx_word' id='word_1_1' title='bbox 502 615 825 726; x_wconf 70' lang='lat' dir='ltr'>Serre-rr.</span> <span class='ocrx_word' id='word_1_2' title='bbox 905 695 922 708; x_wconf 83' lang='grc'><strong><em>,</em></strong></span> <span class='ocrx_word' id='word_1_3' title='bbox 1039 637 1199 706; x_wconf 70' lang='lat' dir='ltr'>emvu</span> 
     </span>
    </p>
   </div>
   <div class='ocr_carea' id='block_1_2' title="bbox 85 784 1269 4377">
    <p class='ocr_par' dir='ltr' id='par_1_2' title="bbox 85 784 1269 4377">
     <span class='ocr_line' id='line_1_2' title="bbox 129 784 1198 890; baseline -0.006 -22"><span class='ocrx_word' id='word_1_4' title='bbox 129 811 197 868; x_wconf 87' lang='lat' dir='ltr'>eut</span> <span class='ocrx_word' id='word_1_5' title='bbox 216 811 296 868; x_wconf 92' lang='lat' dir='ltr'>non</span> <span class='ocrx_word' id='word_1_6' title='bbox 312 791 428 890; x_wconf 80' lang='lat' dir='ltr'>magni</span> <span class='ocrx_word' id='word_1_7' title='bbox 444 789 642 885; x_wconf 81' lang='lat' dir='ltr'>penderet,</span> <span class='ocrx_word' id='word_1_8' title='bbox 676 787 835 863; x_wconf 78' lang='lat' dir='ltr'>declaret</span> <span class='ocrx_word' id='word_1_9' title='bbox 849 785 905 861; x_wconf 83' lang='lat' dir='ltr'>hie</span> <span class='ocrx_word' id='word_1_10' title='bbox 923 784 1080 859; x_wconf 76' lang='lat' dir='ltr'>verbltz·</span> <span class='ocrx_word' id='word_1_11' title='bbox 1098 786 1198 881; x_wconf 80' lang='lat' dir='ltr'>„Sa-</span> 
     </span>
     <span class='ocr_line' id='line_1_3' title="bbox 129 902 1199 998; baseline -0.005 -8"><span class='ocrx_word' id='word_1_12' title='bbox 129 916 179 990; x_wconf 78' lang='lat' dir='ltr'>tis</span> <span class='ocrx_word' id='word_1_13' title='bbox 206 915 321 998; x_wconf 86' lang='lat' dir='ltr'>miror</span> <span class='ocrx_word' id='word_1_14' title='bbox 345 912 528 987; x_wconf 87' lang='lat' dir='ltr'>hominem</span> <span class='ocrx_word' id='word_1_15' title='bbox 550 907 781 984; x_wconf 77' lang='lat' dir='ltr'>dodiiffimum</span> <span class='ocrx_word' id='word_1_16' title='bbox 812 905 847 978; x_wconf 85' lang='lat' dir='ltr'>dr</span> <span class='ocrx_word' id='word_1_17' title='bbox 871 902 1051 997; x_wconf 73' lang='lat' dir='ltr'>sonuum,</span> <span class='ocrx_word' id='word_1_18' title='bbox 1086 919 1130 980; x_wconf 86' lang='lat' dir='ltr'>ut</span> <span class='ocrx_word' id='word_1_19' title='bbox 1150 908 1199 986; x_wconf 78' lang='lat' dir='ltr'>de</span> 
     </span>
     <span class='ocr_line' id='line_1_4' title="bbox 130 1025 1199 1131; baseline -0.005 -22"><span class='ocrx_word' id='word_1_20' title='bbox 130 1034 240 1109; x_wconf 77' lang='lat' dir='ltr'>stellio</span> <span class='ocrx_word' id='word_1_21' title='bbox 264 1033 431 1131; x_wconf 83' lang='lat' dir='ltr'>Origenie</span> <span class='ocrx_word' id='word_1_22' title='bbox 452 1032 583 1105; x_wconf 75' lang='lat' dir='ltr'>neniis</span> <span class='ocrx_word' id='word_1_23' title='bbox 596 1026 866 1112; x_wconf 72' lang='lat' dir='ltr'>¹transferret-‘⁶</span> <span class='ocrx_word' id='word_1_24' title='bbox 916 1025 1096 1103; x_wconf 81' lang='lat' dir='ltr'><strong>Nimirum</strong></span> <span class='ocrx_word' id='word_1_25' title='bbox 1119 1049 1199 1108; x_wconf 87' lang='lat' dir='ltr'>non</span> 
     </span>
     <span class='ocr_line' id='line_1_5' title="bbox 134 1147 1200 1246; baseline -0.003 -17"><span class='ocrx_word' id='word_1_26' title='bbox 134 1154 365 1229; x_wconf 75' lang='lat' dir='ltr'>attenderunt</span> <span class='ocrx_word' id='word_1_27' title='bbox 377 1153 466 1228; x_wconf 89' lang='lat' dir='ltr'>boni</span> <span class='ocrx_word' id='word_1_28' title='bbox 487 1152 538 1225; x_wconf 93' lang='lat' dir='ltr'>illi</span> <span class='ocrx_word' id='word_1_29' title='bbox 555 1150 648 1243; x_wconf 90' lang='lat' dir='ltr'>viri,</span> <span class='ocrx_word' id='word_1_30' title='bbox 674 1150 774 1241; x_wconf 84' lang='lat' dir='ltr'>quod</span> <span class='ocrx_word' id='word_1_31' title='bbox 790 1147 834 1222; x_wconf 89' lang='lat' dir='ltr'>de</span> <span class='ocrx_word' id='word_1_32' title='bbox 847 1147 973 1223; x_wconf 83' lang='lat' dir='ltr'>Hiltrii</span> <span class='ocrx_word' id='word_1_33' title='bbox 986 1149 1024 1222; x_wconf 91' lang='lat' dir='ltr'>in</span> <span class='ocrx_word' id='word_1_34' title='bbox 1037 1148 1200 1246; x_wconf 80' lang='lat' dir='ltr'>Origene</span> 
     </span>
     <span class='ocr_line' id='line_1_6' title="bbox 130 1268 1202 1369; baseline -0.005 -18"><span class='ocrx_word' id='word_1_35' title='bbox 130 1274 307 1351; x_wconf 83' lang='lat' dir='ltr'>imitando</span> <span class='ocrx_word' id='word_1_36' title='bbox 325 1271 501 1369; x_wconf 81' lang='lat' dir='ltr'>religione</span> <span class='ocrx_word' id='word_1_37' title='bbox 515 1269 761 1361; x_wconf 78' lang='lat' dir='ltr'>Hieronymus</span> <span class='ocrx_word' id='word_1_38' title='bbox 775 1268 908 1364; x_wconf 82' lang='lat' dir='ltr'>pessim,</span> <span class='ocrx_word' id='word_1_39' title='bbox 932 1269 991 1345; x_wconf 85' lang='lat' dir='ltr'>sed</span> <span class='ocrx_word' id='word_1_40' title='bbox 1010 1271 1202 1365; x_wconf 76' lang='lat' dir='ltr'>conceptio</span> 
     </span>
     <span class='ocr_line' id='line_1_7' title="bbox 132 1375 1201 1487; baseline -0.001 -20"><span class='ocrx_word' id='word_1_41' title='bbox 132 1395 259 1468; x_wconf 83' lang='lat' dir='ltr'>verbis</span> <span class='ocrx_word' id='word_1_42' title='bbox 281 1390 378 1487; x_wconf 90' lang='lat' dir='ltr'>epist.</span> <span class='ocrx_word' id='word_1_43' title='bbox 395 1392 438 1464; x_wconf 81' lang='lat' dir='ltr'>ed</span> <span class='ocrx_word' id='word_1_44' title='bbox 447 1375 695 1483; x_wconf 87' lang='lat' dir='ltr'>Theophilum</span> <span class='ocrx_word' id='word_1_45' title='bbox 711 1391 776 1463; x_wconf 85' lang='lat' dir='ltr'>nit:</span> <span class='ocrx_word' id='word_1_46' title='bbox 802 1389 960 1481; x_wconf 77' lang='lat' dir='ltr'>„Noxia</span> <span class='ocrx_word' id='word_1_47' title='bbox 976 1411 1125 1485; x_wconf 74' lang='lat' dir='ltr'>quoque</span> <span class='ocrx_word' id='word_1_48' title='bbox 1140 1393 1201 1467; x_wconf 88' lang='lat' dir='ltr'>de·</span> 
     </span>
     <span class='ocr_line' id='line_1_8' title="bbox 133 1496 1241 1611; baseline 0.001 -22"><span class='ocrx_word' id='word_1_49' title='bbox 133 1527 321 1607; x_wconf 82' lang='lat' dir='ltr'>truncans,</span> <span class='ocrx_word' id='word_1_50' title='bbox 346 1513 448 1585; x_wconf 82' lang='lat' dir='ltr'>utilit</span> <span class='ocrx_word' id='word_1_51' title='bbox 466 1507 655 1585; x_wconf 83' lang='lat' dir='ltr'>transtulit.</span> <span class='ocrx_word' id='word_1_52' title='bbox 664 1510 692 1552; x_wconf 86' lang='lat'>“</span> <span class='ocrx_word' id='word_1_53' title='bbox 710 1507 715 1518; x_wconf 85' lang='lat'>&#39;</span> <span class='ocrx_word' id='word_1_54' title='bbox 744 1509 930 1611; x_wconf 79' lang='lat' dir='ltr'>Quocirca</span> <span class='ocrx_word' id='word_1_55' title='bbox 943 1510 1040 1602; x_wconf 88' lang='lat' dir='ltr'>quod</span> <span class='ocrx_word' id='word_1_56' title='bbox 1055 1513 1098 1588; x_wconf 90' lang='lat' dir='ltr'>de</span> <span class='ocrx_word' id='word_1_57' title='bbox 1113 1515 1202 1590; x_wconf 85' lang='lat' dir='ltr'>Hie-</span> <span class='ocrx_word' id='word_1_58' title='bbox 1238 1496 1241 1508; x_wconf 49' lang='lat'>¹</span> 
     </span>
     <span class='ocr_line' id='line_1_9' title="bbox 132 1628 1199 1738; baseline -0.002 -29"><span class='ocrx_word' id='word_1_59' title='bbox 132 1653 297 1728; x_wconf 88' lang='lat' dir='ltr'>ronymo</span> <span class='ocrx_word' id='word_1_60' title='bbox 320 1632 397 1728; x_wconf 88' lang='lat' dir='ltr'>ipso</span> <span class='ocrx_word' id='word_1_61' title='bbox 421 1628 584 1705; x_wconf 84' lang='lat' dir='ltr'>Ruffinue</span> <span class='ocrx_word' id='word_1_62' title='bbox 597 1631 635 1704; x_wconf 90' lang='lat' dir='ltr'>in</span> <span class='ocrx_word' id='word_1_63' title='bbox 654 1631 768 1707; x_wconf 80' lang='lat' dir='ltr'>libror</span> <span class='ocrx_word' id='word_1_64' title='bbox 784 1630 1002 1706; x_wconf 82' lang='lat' dir='ltr'>Perierchon</span> <span class='ocrx_word' id='word_1_65' title='bbox 1023 1632 1199 1738; x_wconf 33' lang='lat' dir='ltr'>offerit;·“</span> 
     </span>
     <span class='ocr_line' id='line_1_10' title="bbox 136 1750 1203 1848; baseline 0.004 -20"><span class='ocrx_word' id='word_1_66' title='bbox 136 1753 230 1828; x_wconf 87' lang='lat' dir='ltr'>Cum</span> <span class='ocrx_word' id='word_1_67' title='bbox 246 1757 426 1847; x_wconf 80' lang='lat' dir='ltr'>eliquanto</span> <span class='ocrx_word' id='word_1_68' title='bbox 440 1750 660 1826; x_wconf 82' lang='lat' dir='ltr'>offendiculo</span> <span class='ocrx_word' id='word_1_69' title='bbox 674 1751 906 1826; x_wconf 84' lang='lat' dir='ltr'>inveniantur</span> <span class='ocrx_word' id='word_1_70' title='bbox 926 1755 962 1826; x_wconf 89' lang='lat' dir='ltr'>in</span> <span class='ocrx_word' id='word_1_71' title='bbox 982 1774 1100 1848; x_wconf 83' lang='lat' dir='ltr'>graeco</span> <span class='ocrx_word' id='word_1_72' title='bbox 1118 1755 1203 1831; x_wconf 85' lang='lat' dir='ltr'>Ori·</span> 
     </span>
     <span class='ocr_line' id='line_1_11' title="bbox 85 1872 1269 1976; baseline -0.003 -20"><span class='ocrx_word' id='word_1_73' title='bbox 85 1951 87 1956; x_wconf 86' lang='lat'>.</span> <span class='ocrx_word' id='word_1_74' title='bbox 132 1876 259 1976; x_wconf 80' lang='lat' dir='ltr'>genie,</span> <span class='ocrx_word' id='word_1_75' title='bbox 294 1877 345 1948; x_wconf 82' lang='lat' dir='ltr'>ite</span> <span class='ocrx_word' id='word_1_76' title='bbox 365 1872 526 1948; x_wconf 80' lang='lat' dir='ltr'>elimavit</span> <span class='ocrx_word' id='word_1_77' title='bbox 543 1873 684 1965; x_wconf 86' lang='lat' dir='ltr'>omnia,</span> <span class='ocrx_word' id='word_1_78' title='bbox 711 1889 819 1964; x_wconf 81' lang='lat' dir='ltr'>atque</span> <span class='ocrx_word' id='word_1_79' title='bbox 840 1873 1028 1969; x_wconf 83' lang='lat' dir='ltr'>purgavit,</span> <span class='ocrx_word' id='word_1_80' title='bbox 1055 1888 1096 1947; x_wconf 90' lang='lat' dir='ltr'>ut</span> <span class='ocrx_word' id='word_1_81' title='bbox 1113 1878 1202 1954; x_wconf 89' lang='lat' dir='ltr'>nihii</span> <span class='ocrx_word' id='word_1_82' title='bbox 1266 1967 1269 1974; x_wconf 25' lang='lat'><strong><em>¹</em></strong></span> 
     </span>
     <span class='ocr_line' id='line_1_12' title="bbox 132 1987 1204 2088; baseline 0 -18"><span class='ocrx_word' id='word_1_83' title='bbox 132 1997 174 2070; x_wconf 88' lang='lat' dir='ltr'>in</span> <span class='ocrx_word' id='word_1_84' title='bbox 194 1996 287 2088; x_wconf 86' lang='lat' dir='ltr'>illis,</span> <span class='ocrx_word' id='word_1_85' title='bbox 320 1992 419 2088; x_wconf 87' lang='lat' dir='ltr'>quod</span> <span class='ocrx_word' id='word_1_86' title='bbox 440 2013 460 2066; x_wconf 85' lang='lat' dir='ltr'>o</span> <span class='ocrx_word' id='word_1_87' title='bbox 479 1987 552 2063; x_wconf 85' lang='lat' dir='ltr'>fide</span> <span class='ocrx_word' id='word_1_88' title='bbox 570 1988 692 2063; x_wconf 80' lang='lat' dir='ltr'>nostre</span> <span class='ocrx_word' id='word_1_89' title='bbox 712 1990 908 2086; x_wconf 89' lang='lat' dir='ltr'>discrepet,</span> <span class='ocrx_word' id='word_1_90' title='bbox 940 1994 1071 2066; x_wconf 80' lang='lat' dir='ltr'>latinus</span> <span class='ocrx_word' id='word_1_91' title='bbox 1087 1994 1204 2070; x_wconf 75' lang='lat' dir='ltr'>letior</span> 
     </span>
     <span class='ocr_line' id='line_1_13' title="bbox 134 2109 1203 2208; baseline 0.005 -18"><span class='ocrx_word' id='word_1_92' title='bbox 134 2113 323 2190; x_wconf 84' lang='lat' dir='ltr'>inveniet:</span> <span class='ocrx_word' id='word_1_93' title='bbox 356 2112 433 2208; x_wconf 93' lang='lat' dir='ltr'>„ld</span> <span class='ocrx_word' id='word_1_94' title='bbox 462 2109 573 2206; x_wconf 89' lang='lat' dir='ltr'>ipsum</span> <span class='ocrx_word' id='word_1_95' title='bbox 605 2112 798 2186; x_wconf 87' lang='lat' dir='ltr'>commode</span> <span class='ocrx_word' id='word_1_96' title='bbox 819 2111 950 2186; x_wconf 75' lang='lat' dir='ltr'>dixeris</span> <span class='ocrx_word' id='word_1_97' title='bbox 978 2113 1024 2187; x_wconf 92' lang='lat' dir='ltr'>de</span> <span class='ocrx_word' id='word_1_98' title='bbox 1041 2115 1203 2195; x_wconf 79' lang='lat' dir='ltr'>Hilario:</span> 
     </span>
     <span class='ocr_line' id='line_1_14' title="bbox 96 2231 1206 2332; baseline 0.001 -18"><span class='ocrx_word' id='word_1_99' title='bbox 96 2303 104 2314; x_wconf 96' lang='lat'>.</span> <span class='ocrx_word' id='word_1_100' title='bbox 134 2234 332 2332; x_wconf 73' lang='lat' dir='ltr'>presertim</span> <span class='ocrx_word' id='word_1_101' title='bbox 356 2233 438 2306; x_wconf 84' lang='lat' dir='ltr'>curri</span> <span class='ocrx_word' id='word_1_102' title='bbox 459 2231 707 2324; x_wconf 76' lang='lat' dir='ltr'>Hieronymus</span> <span class='ocrx_word' id='word_1_103' title='bbox 726 2235 763 2307; x_wconf 92' lang='lat' dir='ltr'>in</span> <span class='ocrx_word' id='word_1_104' title='bbox 786 2233 854 2308; x_wconf 82' lang='lat' dir='ltr'>hac</span> <span class='ocrx_word' id='word_1_105' title='bbox 872 2236 1131 2332; x_wconf 84' lang='lat' dir='ltr'>interpretandi</span> <span class='ocrx_word' id='word_1_106' title='bbox 1149 2259 1206 2315; x_wconf 84' lang='lat' dir='ltr'>ro·</span> 
     </span>
     <span class='ocr_line' id='line_1_15' title="bbox 134 2351 1206 2449; baseline 0.006 -21"><span class='ocrx_word' id='word_1_107' title='bbox 134 2357 243 2429; x_wconf 89' lang='lat' dir='ltr'>tione</span> <span class='ocrx_word' id='word_1_108' title='bbox 259 2356 351 2428; x_wconf 77' lang='lat' dir='ltr'>illiue</span> <span class='ocrx_word' id='word_1_109' title='bbox 365 2352 400 2428; x_wconf 91' lang='lat' dir='ltr'>se</span> <span class='ocrx_word' id='word_1_110' title='bbox 417 2354 637 2428; x_wconf 78' lang='lat' dir='ltr'>imitatorem</span> <span class='ocrx_word' id='word_1_111' title='bbox 650 2354 783 2446; x_wconf 82' lang='lat' dir='ltr'>ubique</span> <span class='ocrx_word' id='word_1_112' title='bbox 798 2351 1024 2449; x_wconf 72' lang='lat' dir='ltr'>profiteatur.</span> <span class='ocrx_word' id='word_1_113' title='bbox 1039 2360 1066 2402; x_wconf 88' lang='lat'><strong>“</strong></span> <span class='ocrx_word' id='word_1_114' title='bbox 1116 2360 1206 2434; x_wconf 87' lang='lat' dir='ltr'>Hoc</span> 
     </span>
     <span class='ocr_line' id='line_1_16' title="bbox 137 2473 1207 2573; baseline 0.005 -25"><span class='ocrx_word' id='word_1_115' title='bbox 137 2496 218 2549; x_wconf 88' lang='lat' dir='ltr'>non</span> <span class='ocrx_word' id='word_1_116' title='bbox 233 2473 328 2549; x_wconf 87' lang='lat' dir='ltr'>solus</span> <span class='ocrx_word' id='word_1_117' title='bbox 347 2495 416 2572; x_wconf 87' lang='lat' dir='ltr'>ego</span> <span class='ocrx_word' id='word_1_118' title='bbox 432 2473 524 2567; x_wconf 87' lang='lat' dir='ltr'>l&#39;eci,</span> <span class='ocrx_word' id='word_1_119' title='bbox 548 2473 663 2567; x_wconf 85' lang='lat' dir='ltr'>inquit</span> <span class='ocrx_word' id='word_1_120' title='bbox 680 2475 897 2570; x_wconf 91' lang='lat' dir='ltr'>Hieronym.</span> <span class='ocrx_word' id='word_1_121' title='bbox 913 2480 974 2554; x_wconf 89' lang='lat' dir='ltr'>cit.</span> <span class='ocrx_word' id='word_1_122' title='bbox 998 2478 1119 2573; x_wconf 90' lang='lat' dir='ltr'>epist.,</span> <span class='ocrx_word' id='word_1_123' title='bbox 1146 2479 1207 2554; x_wconf 87' lang='lat' dir='ltr'>sed</span> 
     </span>
     <span class='ocr_line' id='line_1_17' title="bbox 139 2592 1207 2689; baseline 0.006 -19"><span class='ocrx_word' id='word_1_124' title='bbox 139 2595 179 2670; x_wconf 85' lang='lat' dir='ltr'>dt</span> <span class='ocrx_word' id='word_1_125' title='bbox 199 2592 391 2670; x_wconf 82' lang='lat' dir='ltr'>Confessor</span> <span class='ocrx_word' id='word_1_126' title='bbox 413 2593 570 2669; x_wconf 81' lang='lat' dir='ltr'>Hilarius</span> <span class='ocrx_word' id='word_1_127' title='bbox 590 2594 727 2670; x_wconf 84' lang='lat' dir='ltr'>fecit.“</span> <span class='ocrx_word' id='word_1_128' title='bbox 784 2597 838 2671; x_wconf 82' lang='lat' dir='ltr'>lta</span> <span class='ocrx_word' id='word_1_129' title='bbox 864 2608 983 2672; x_wconf 81' lang='lat' dir='ltr'>autern</span> <span class='ocrx_word' id='word_1_130' title='bbox 1005 2597 1207 2689; x_wconf 81' lang='lat' dir='ltr'>persuasum¹</span> 
     </span>
     <span class='ocr_line' id='line_1_18' title="bbox 137 2714 1207 2816; baseline 0 -25"><span class='ocrx_word' id='word_1_131' title='bbox 137 2716 282 2810; x_wconf 82' lang='lat' dir='ltr'>eierat,</span> <span class='ocrx_word' id='word_1_132' title='bbox 306 2716 400 2816; x_wconf 81' lang='lat' dir='ltr'>illiue</span> <span class='ocrx_word' id='word_1_133' title='bbox 421 2715 550 2807; x_wconf 80' lang='lat' dir='ltr'>scripta</span> <span class='ocrx_word' id='word_1_134' title='bbox 564 2715 608 2788; x_wconf 84' lang='lat' dir='ltr'>ab</span> <span class='ocrx_word' id='word_1_135' title='bbox 625 2714 792 2812; x_wconf 82' lang='lat' dir='ltr'>origenis</span> <span class='ocrx_word' id='word_1_136' title='bbox 808 2720 933 2790; x_wconf 81' lang='lat' dir='ltr'>erratis</span> <span class='ocrx_word' id='word_1_137' title='bbox 948 2716 1018 2790; x_wconf 87' lang='lat' dir='ltr'>elle</span> <span class='ocrx_word' id='word_1_138' title='bbox 1034 2737 1138 2811; x_wconf 82' lang='lat' dir='ltr'>pure,</span> <span class='ocrx_word' id='word_1_139' title='bbox 1163 2731 1207 2791; x_wconf 91' lang='lat' dir='ltr'>ut</span> 
     </span>
     <span class='ocr_line' id='line_1_19' title="bbox 138 2832 1207 2936; baseline 0.003 -26"><span class='ocrx_word' id='word_1_140' title='bbox 138 2857 226 2910; x_wconf 84' lang='lat' dir='ltr'>cunr</span> <span class='ocrx_word' id='word_1_141' title='bbox 244 2834 343 2930; x_wconf 86' lang='lat' dir='ltr'>epist.</span> <span class='ocrx_word' id='word_1_142' title='bbox 369 2833 412 2908; x_wconf 84' lang='lat' dir='ltr'>ad</span> <span class='ocrx_word' id='word_1_143' title='bbox 432 2833 568 2908; x_wconf 76' lang='lat' dir='ltr'>Lotum</span> <span class='ocrx_word' id='word_1_144' title='bbox 589 2834 649 2918; x_wconf 83' lang='lat' dir='ltr'>SS.</span> <span class='ocrx_word' id='word_1_145' title='bbox 673 2832 798 2908; x_wconf 76' lang='lat' dir='ltr'>Patres</span> <span class='ocrx_word' id='word_1_146' title='bbox 820 2832 1048 2930; x_wconf 77' lang='lat' dir='ltr'>nlilioipsrur</span> <span class='ocrx_word' id='word_1_147' title='bbox 1071 2838 1119 2912; x_wconf 85' lang='lat' dir='ltr'>fic</span> <span class='ocrx_word' id='word_1_148' title='bbox 1134 2838 1207 2936; x_wconf 90' lang='lat' dir='ltr'>legi</span> 
     </span>
     <span class='ocr_line' id='line_1_20' title="bbox 134 2953 1209 3052; baseline 0.003 -23"><span class='ocrx_word' id='word_1_149' title='bbox 134 2959 287 3052; x_wconf 80' lang='lat' dir='ltr'>jubeat,</span> <span class='ocrx_word' id='word_1_150' title='bbox 321 2973 402 3049; x_wconf 86' lang='lat' dir='ltr'>„ut</span> <span class='ocrx_word' id='word_1_151' title='bbox 423 2955 531 3051; x_wconf 83' lang='lat' dir='ltr'>magis</span> <span class='ocrx_word' id='word_1_152' title='bbox 549 2953 709 3047; x_wconf 87' lang='lat' dir='ltr'>judicet,</span> <span class='ocrx_word' id='word_1_153' title='bbox 737 2976 841 3047; x_wconf 91' lang='lat' dir='ltr'>quem</span> <span class='ocrx_word' id='word_1_154' title='bbox 856 2953 1083 3049; x_wconf 80' lang='lat' dir='ltr'>sequntur;“</span> <span class='ocrx_word' id='word_1_155' title='bbox 1108 2959 1209 3033; x_wconf 77' lang='lat' dir='ltr'>excii—</span> 
     </span>
     <span class='ocr_line' id='line_1_21' title="bbox 139 3072 1210 3174; baseline 0.002 -23"><span class='ocrx_word' id='word_1_156' title='bbox 139 3081 221 3174; x_wconf 82' lang='lat' dir='ltr'>piot</span> <span class='ocrx_word' id='word_1_157' title='bbox 237 3090 356 3151; x_wconf 83' lang='lat' dir='ltr'>temen</span> <span class='ocrx_word' id='word_1_158' title='bbox 371 3075 496 3150; x_wconf 86' lang='lat' dir='ltr'>Hilarii</span> <span class='ocrx_word' id='word_1_159' title='bbox 513 3074 647 3168; x_wconf 78' lang='lat' dir='ltr'>libros,</span> <span class='ocrx_word' id='word_1_160' title='bbox 682 3095 776 3166; x_wconf 82' lang='lat' dir='ltr'>quoe</span> <span class='ocrx_word' id='word_1_161' title='bbox 801 3073 1020 3169; x_wconf 88' lang='lat' dir='ltr'>„inoffenso</span> <span class='ocrx_word' id='word_1_162' title='bbox 1040 3072 1210 3153; x_wconf 74' lang='lat' dir='ltr'>decurret</span> 
     </span>
     <span class='ocr_line' id='line_1_22' title="bbox 142 3194 1213 3295; baseline 0.001 -24"><span class='ocrx_word' id='word_1_163' title='bbox 142 3198 288 3295; x_wconf 86' lang='lat' dir='ltr'>pede.“</span> <span class='ocrx_word' id='word_1_164' title='bbox 339 3195 418 3271; x_wconf 77' lang='lat' dir='ltr'>Eoo</span> <span class='ocrx_word' id='word_1_165' title='bbox 434 3194 864 3291; x_wconf 82' lang='lat' dir='ltr'>veropotiffimumabiis,</span> <span class='ocrx_word' id='word_1_166' title='bbox 891 3217 969 3289; x_wconf 81' lang='lat' dir='ltr'>quae</span> <span class='ocrx_word' id='word_1_167' title='bbox 983 3198 1026 3272; x_wconf 93' lang='lat' dir='ltr'>de</span> <span class='ocrx_word' id='word_1_168' title='bbox 1037 3199 1143 3273; x_wconf 89' lang='lat' dir='ltr'>stellis</span> <span class='ocrx_word' id='word_1_169' title='bbox 1156 3197 1213 3272; x_wconf 88' lang='lat' dir='ltr'>so·</span> 
     </span>
     <span class='ocr_line' id='line_1_23' title="bbox 139 3314 1212 3412; baseline -0.002 -20"><span class='ocrx_word' id='word_1_170' title='bbox 139 3319 348 3396; x_wconf 81' lang='lat' dir='ltr'>mnieverrt</span> <span class='ocrx_word' id='word_1_171' title='bbox 369 3315 567 3412; x_wconf 76' lang='lat' dir='ltr'>Origenes,</span> <span class='ocrx_word' id='word_1_172' title='bbox 599 3331 775 3412; x_wconf 77' lang='lat' dir='ltr'>purgatos</span> <span class='ocrx_word' id='word_1_173' title='bbox 800 3314 870 3390; x_wconf 82' lang='lat' dir='ltr'>elle</span> <span class='ocrx_word' id='word_1_174' title='bbox 887 3317 992 3410; x_wconf 82' lang='lat' dir='ltr'>plane</span> <span class='ocrx_word' id='word_1_175' title='bbox 1014 3315 1212 3391; x_wconf 84' lang='lat' dir='ltr'>conficitur</span> 
     </span>
     <span class='ocr_line' id='line_1_24' title="bbox 142 3434 1210 3535; baseline -0.003 -21"><span class='ocrx_word' id='word_1_176' title='bbox 142 3460 195 3514; x_wconf 85' lang='lat' dir='ltr'>ex</span> <span class='ocrx_word' id='word_1_177' title='bbox 215 3437 312 3534; x_wconf 88' lang='lat' dir='ltr'>epist.</span> <span class='ocrx_word' id='word_1_178' title='bbox 332 3457 392 3531; x_wconf 84' lang='lat'>75.</span> <span class='ocrx_word' id='word_1_179' title='bbox 410 3435 648 3529; x_wconf 82' lang='lat' dir='ltr'>Hieronymi,</span> <span class='ocrx_word' id='word_1_180' title='bbox 683 3438 720 3507; x_wconf 94' lang='lat' dir='ltr'>in</span> <span class='ocrx_word' id='word_1_181' title='bbox 743 3453 811 3526; x_wconf 84' lang='lat' dir='ltr'>qua</span> <span class='ocrx_word' id='word_1_182' title='bbox 827 3436 960 3529; x_wconf 90' lang='lat' dir='ltr'>ubique</span> <span class='ocrx_word' id='word_1_183' title='bbox 973 3434 1008 3510; x_wconf 91' lang='lat' dir='ltr'>se</span> <span class='ocrx_word' id='word_1_184' title='bbox 1026 3435 1210 3535; x_wconf 84' lang='lat' dir='ltr'>defendit,</span> 
     </span>
     <span class='ocr_line' id='line_1_25' title="bbox 146 3556 1212 3654; baseline 0.002 -21"><span class='ocrx_word' id='word_1_185' title='bbox 146 3559 194 3633; x_wconf 78' lang='lat' dir='ltr'>ed</span> <span class='ocrx_word' id='word_1_186' title='bbox 215 3559 451 3632; x_wconf 88' lang='lat' dir='ltr'>imitationem</span> <span class='ocrx_word' id='word_1_187' title='bbox 467 3574 615 3648; x_wconf 86' lang='lat' dir='ltr'>eorum,</span> <span class='ocrx_word' id='word_1_188' title='bbox 642 3575 718 3647; x_wconf 84' lang='lat' dir='ltr'>quae</span> <span class='ocrx_word' id='word_1_189' title='bbox 739 3556 894 3629; x_wconf 77' lang='lat' dir='ltr'>Hilarius</span> <span class='ocrx_word' id='word_1_190' title='bbox 910 3556 1064 3632; x_wconf 82' lang='lat' dir='ltr'>homiliis</span> <span class='ocrx_word' id='word_1_191' title='bbox 1086 3561 1124 3632; x_wconf 92' lang='lat' dir='ltr'>in</span> <span class='ocrx_word' id='word_1_192' title='bbox 1138 3559 1212 3654; x_wconf 88' lang='lat' dir='ltr'>Job</span> 
     </span>
     <span class='ocr_line' id='line_1_26' title="bbox 144 3651 1213 3778; baseline 0 -24"><span class='ocrx_word' id='word_1_193' title='bbox 144 3676 324 3778; x_wconf 80' lang='lat' dir='ltr'>gefferat,</span> <span class='ocrx_word' id='word_1_194' title='bbox 372 3676 584 3752; x_wconf 79' lang='lat' dir='ltr'>transtulille</span> <span class='ocrx_word' id='word_1_195' title='bbox 622 3696 701 3768; x_wconf 75' lang='lat' dir='ltr'>que</span> <span class='ocrx_word' id='word_1_196' title='bbox 721 3651 942 3771; x_wconf 60' lang='lat' dir='ltr'>boneium,</span> <span class='ocrx_word' id='word_1_197' title='bbox 982 3676 1127 3753; x_wconf 84' lang='lat' dir='ltr'>&amp;malo</span> <span class='ocrx_word' id='word_1_198' title='bbox 1150 3680 1213 3755; x_wconf 91' lang='lat' dir='ltr'>vel</span> 
     </span>
     <span class='ocr_line' id='line_1_27' title="bbox 146 3793 1210 3895; baseline -0.003 -19"><span class='ocrx_word' id='word_1_199' title='bbox 146 3796 365 3893; x_wconf 79' lang='lat' dir='ltr'>amputalle,</span> <span class='ocrx_word' id='word_1_200' title='bbox 399 3798 460 3872; x_wconf 88' lang='lat' dir='ltr'>vel</span> <span class='ocrx_word' id='word_1_201' title='bbox 478 3793 695 3888; x_wconf 80' lang='lat' dir='ltr'>correxilie,</span> <span class='ocrx_word' id='word_1_202' title='bbox 729 3799 789 3870; x_wconf 88' lang='lat' dir='ltr'>vel</span> <span class='ocrx_word' id='word_1_203' title='bbox 808 3794 972 3887; x_wconf 81' lang='lat' dir='ltr'>tacuille3</span> <span class='ocrx_word' id='word_1_204' title='bbox 1010 3797 1210 3895; x_wconf 86' lang='lat' dir='ltr'>Vigilantio</span> 
     </span>
     <span class='ocr_line' id='line_1_28' title="bbox 145 3913 1214 4015; baseline -0.005 -17"><span class='ocrx_word' id='word_1_205' title='bbox 145 3920 267 3998; x_wconf 81' lang='lat' dir='ltr'>stetim</span> <span class='ocrx_word' id='word_1_206' title='bbox 281 3920 492 4015; x_wconf 76' lang='lat' dir='ltr'>exprobrat,</span> <span class='ocrx_word' id='word_1_207' title='bbox 518 3917 618 4011; x_wconf 86' lang='lat' dir='ltr'>qnod</span> <span class='ocrx_word' id='word_1_208' title='bbox 639 3913 807 4012; x_wconf 90' lang='lat' dir='ltr'>Origenis</span> <span class='ocrx_word' id='word_1_209' title='bbox 827 3917 864 3990; x_wconf 91' lang='lat' dir='ltr'>in</span> <span class='ocrx_word' id='word_1_210' title='bbox 877 3917 949 4014; x_wconf 92' lang='lat' dir='ltr'>Job</span> <span class='ocrx_word' id='word_1_211' title='bbox 964 3916 1132 3992; x_wconf 71' lang='lat' dir='ltr'>traditus</span> <span class='ocrx_word' id='word_1_212' title='bbox 1153 3919 1214 3994; x_wconf 85' lang='lat' dir='ltr'>de·</span> 
     </span>
     <span class='ocr_line' id='line_1_29' title="bbox 147 4037 1214 4137; baseline -0.008 -17"><span class='ocrx_word' id='word_1_213' title='bbox 147 4041 304 4137; x_wconf 80' lang='lat' dir='ltr'>scriptor</span> <span class='ocrx_word' id='word_1_214' title='bbox 325 4040 475 4133; x_wconf 81' lang='lat' dir='ltr'>hebent,</span> <span class='ocrx_word' id='word_1_215' title='bbox 500 4041 575 4134; x_wconf 92' lang='lat' dir='ltr'>„in</span> <span class='ocrx_word' id='word_1_216' title='bbox 597 4038 726 4131; x_wconf 77' lang='lat' dir='ltr'>quibus</span> <span class='ocrx_word' id='word_1_217' title='bbox 742 4049 873 4112; x_wconf 83' lang='lat' dir='ltr'>contra</span> <span class='ocrx_word' id='word_1_218' title='bbox 886 4037 1088 4131; x_wconf 76' lang='lat' dir='ltr'>diabolum,</span> <span class='ocrx_word' id='word_1_219' title='bbox 1116 4037 1214 4112; x_wconf 88' lang='lat' dir='ltr'>&amp;de</span> 
     </span>
     <span class='ocr_line' id='line_1_30' title="bbox 146 4157 1215 4256; baseline -0.004 -16"><span class='ocrx_word' id='word_1_220' title='bbox 146 4163 279 4256; x_wconf 77' lang='lat' dir='ltr'>stellio,</span> <span class='ocrx_word' id='word_1_221' title='bbox 305 4159 472 4251; x_wconf 82' lang='lat' dir='ltr'>coeloque</span> <span class='ocrx_word' id='word_1_222' title='bbox 487 4158 681 4253; x_wconf 82' lang='lat' dir='ltr'>disputans,</span> <span class='ocrx_word' id='word_1_223' title='bbox 709 4157 867 4251; x_wconf 76' lang='lat' dir='ltr'>quedem</span> <span class='ocrx_word' id='word_1_224' title='bbox 883 4159 1028 4232; x_wconf 87' lang='lat' dir='ltr'>locutus</span> <span class='ocrx_word' id='word_1_225' title='bbox 1046 4159 1110 4253; x_wconf 91' lang='lat' dir='ltr'>est,</span> <span class='ocrx_word' id='word_1_226' title='bbox 1137 4179 1215 4252; x_wconf 69' lang='lat' dir='ltr'>quo</span> 
     </span>
     <span class='ocr_line' id='line_1_31' title="bbox 149 4277 1216 4377; baseline -0.009 -13"><span class='ocrx_word' id='word_1_227' title='bbox 149 4281 311 4364; x_wconf 79' lang='lat' dir='ltr'>Ecclelir</span> <span class='ocrx_word' id='word_1_228' title='bbox 330 4299 409 4360; x_wconf 89' lang='lat' dir='ltr'>non</span> <span class='ocrx_word' id='word_1_229' title='bbox 427 4278 607 4377; x_wconf 80' lang='lat' dir='ltr'>recipit⁴‘</span> <span class='ocrx_word' id='word_1_230' title='bbox 656 4277 755 4354; x_wconf 92' lang='lat' dir='ltr'>Hinc</span> <span class='ocrx_word' id='word_1_231' title='bbox 776 4297 853 4357; x_wconf 88' lang='lat' dir='ltr'>non</span> <span class='ocrx_word' id='word_1_232' title='bbox 876 4278 1003 4357; x_wconf 82' lang='lat' dir='ltr'>frustra</span> <span class='ocrx_word' id='word_1_233' title='bbox 1017 4279 1087 4356; x_wconf 88' lang='lat' dir='ltr'>fuit</span> <span class='ocrx_word' id='word_1_234' title='bbox 1100 4281 1216 4358; x_wconf 91' lang='lat' dir='ltr'>moni·</span> 
     </span>
    </p>
   </div>
   <div class='ocr_carea' id='block_1_3' title="bbox 644 4400 1170 4496">
    <p class='ocr_par' dir='ltr' id='par_1_3' title="bbox 644 4400 1170 4496">
     <span class='ocr_line' id='line_1_32' title="bbox 644 4400 1170 4496; baseline 0.004 -18"><span class='ocrx_word' id='word_1_235' title='bbox 644 4400 660 4478; x_wconf 89' lang='lat' dir='ltr'>l</span> <span class='ocrx_word' id='word_1_236' title='bbox 683 4417 706 4496; x_wconf 79' lang='lat' dir='ltr'><em>s</em></span> <span class='ocrx_word' id='word_1_237' title='bbox 1089 4415 1170 4481; x_wconf 87' lang='lat' dir='ltr'>turn</span> 
     </span>
    </p>
   </div>
   <div class='ocr_carea' id='block_1_4' title="bbox 0 0 1399 4959">
    <p class='ocr_par' dir='ltr' id='par_1_4' title="bbox 0 0 1399 4959">
     <span class='ocr_line' id='line_1_33' title="bbox 0 0 1399 4959; baseline 0 0"><span class='ocrx_word' id='word_1_238' title='bbox 0 0 1399 4959; x_wconf 95' lang='lat' dir='ltr'> </span> 
     </span>
    </p>
   </div>
  </div>
 </body>
</html>
