2742 4959
191 663 251 724 cr
393 685 396 690 >
531 640 568 721 S.
618 644 923 724 Hruaurr

190 805 303 900 huius·
321 805 836 901 operia'exordioalloquitur
853 808 1015 888 ffilariue
1026 809 1173 905 fratres,
1212 811 1259 885 ad

192 947 286 1024 quos
308 929 415 1001 etiam
429 927 531 1006 ,redit
552 933 588 1021 §.
611 948 666 1001 ra.
717 927 777 1002 Ad
794 927 1042 1003 Constantium
1056 931 1164 1027 igitur
1181 950 1258 1006 non
1281 910 1290 940 '

190 1050 244 1126 eli
261 1047 391 1139 sermo,
415 1047 479 1122 nisr
493 1044 676 1143 figuratus.
729 1048 816 1124 lnde
834 1071 912 1124 non
930 1049 981 1123 est
1002 1050 1259 1128 allentiendum

189 1166 400 1260 chiffletio,
436 1167 497 1259 qui
519 1169 559 1244 in
582 1170 681 1242 notis
697 1169 741 1242 ad
751 1168 781 1244 F
782 1169 922 1250 errand.
937 1169 1033 1243 hunc
1050 1169 1177 1244 librum
1195 1182 1260 1245 aut

191 1288 471 1384 monstratrum,
498 1299 561 1363 aut
570 1290 611 1362 ad
625 1289 848 1389 Constantium
859 1288 1106 1365 indifferenter
1114 1288 1258 1365 inscribi

188 1407 292 1506 poss'e
304 1409 437 1483 voluit.

192 1583 197 1592 .
290 1527 478 1623 Inscriptio
492 1527 696 1603 libricmna
718 1525 951 1627 conflantem,
976 1542 1038 1603 aut
1055 1533 1093 1601 in
1106 1528 1259 1626 elusim

187 1655 274 1728 tiam
288 1652 417 1744 partim
435 1649 657 1725 authoritate
675 1649 853 1726 Codicum
870 1650 1012 1745 nititur,
1035 1650 1167 1746 partim
1179 1646 1259 1723 scri·

188 1772 326 1869 ptionis
336 1769 459 1864 'scopo
475 1770 595 1863 aptior
610 1769 671 1847 cst.

186 1887 198 1954 i
290 1887 458 1966 Erasmus
471 1892 581 1964 titulo
598 1910 710 1967 conara
725 1888 943 1986 &dantium
959 1890 1072 1966 addit:
1093 1877 1165 1986 jam
1182 1893 1258 1960 vira

86 2015 94 2038 ‘
183 2012 354 2112 faunum.
406 2010 513 2085 Errat
536 2025 655 2114 auteur
675 2012 892 2105 Hieronymi
911 2011 1082 2086 verbis&
1100 2009 1259 2085 authori·

187 2149 266 2210 tate
289 2136 485 2226 deceptus,
517 2133 578 2224 qui
601 2131 723 2225 &ipse
742 2135 837 2206 inter
853 2132 979 2210 Hilarii
997 2153 1110 2226 opera
1127 2134 1258 2206 librum

144 2267 147 2272 '
182 2257 227 2331 iu
248 2252 518 2342 Constantium,
551 2254 680 2343 procul
707 2254 818 2325 dubio
846 2253 965 2344 hunc,
1001 2254 1045 2326 de
1062 2272 1136 2345 quo
1159 2272 1258 2325 nunc

182 2377 329 2465 sermo,
357 2368 571 2467 (citationes
586 2372 681 2446 enim
694 2373 729 2444 id
739 2369 984 2468 ostendunt,)
1009 2372 1258 2467 postmortem

186 2496 295 2589 i'psrus
315 2492 483 2585 scriptum
504 2488 694 2565 recensuit.
752 2489 831 2588 Ipse
860 2493 954 2565 enirn
981 2492 1137 2566 Hilarius
1165 2498 1198 2585 §.
1224 2515 1257 2565 a.

188 2613 381 2706 conceptis
404 2612 526 2685 verbis
550 2608 720 2705 testatur,
751 2633 832 2685 euru
855 2610 890 2685 se
908 2613 1034 2704 quinto
1059 2634 1155 2688 anno
1175 2612 1258 2706 post

187 2738 295 2813 exilia
314 2732 476 2825 Eusebii,
512 2730 694 2824 Luciferi,
728 2730 961 2827 &Dionysri‚
995 2735 1069 2808 hoc
1092 2734 1258 2825 estquin-

189 2856 349 2951 quennio
365 2852 446 2946 post
461 2851 656 2924 concilium
678 2851 952 2928 Mediolanense
970 2858 1050 2930 anni
1074 2877 1155 2949 355.
1172 2874 1257 2947 pro·

187 2978 344 3068 indeque
364 2992 458 3045 anno
476 2977 572 3063 3⁶0·‚
598 2991 675 3045 uno
690 2988 773 3046 ante
792 2971 993 3049 Constantii
1008 2993 1161 3050 mortem
1176 2971 1258 3048 scri·

187 3095 299 3193 psrlie.
352 3091 483 3182 Neque
498 3092 747 3187 ambigendum
761 3092 930 3185 videtur,
958 3096 1042 3186 quin
1057 3098 1155 3168 illum
1176 3094 1258 3167 scri·

187 3215 299 3315 pserit
325 3234 407 3287 curn
433 3209 751 3304 Constantinopoli
783 3210 1004 3303 versaretur,
1043 3212 1256 3303 postquam

189 3333 331 3412 deiide
358 3353 479 3405 coram
505 3328 704 3424 disputandi
728 3330 942 3424 potestatem
961 3332 1022 3406 fibi
1043 3328 1121 3404 fieri
1147 3331 1256 3404 enixe

189 3449 1257 3554 poposcisset,necimpetraffet3immoetiampostquarnibi·

189 3578 271 3653 dern
296 3570 495 3646 inchoaliet
520 3570 752 3646 Seleucienlrs
783 3586 891 3665 atque
912 3570 1142 3647 Ariminensra
1168 3591 1257 3646 con·

172 3696 263 3771 :cilii
282 3689 475 3767 historiam.

287 3812 443 3906 Propter
465 3811 579 3885 verba
597 3820 718 3886 tamen
748 3800 965 3906 Hieronymi
998 3812 1068 3886 dici
1096 3813 1255 3907 poterit,

188 3937 288 4012 hunc
301 3934 431 4009 librum
445 3945 529 4003 ante
545 3928 745 4005 Constantii
755 3947 910 4011 mortem
921 3930 1088 4029 scriptum
1098 3935 1254 4026 quidem,

189 4056 327 4131 editum
346 4065 465 4128 tamen
481 4049 563 4148 post
573 4050 858 4144 mortemipsrua,
882 4055 1036 4127 maxime
1050 4073 1129 4127 cum
1144 4052 1253 4143 paulo

186 4174 272 4272 post
285 4172 426 4248 Hilario
446 4174 482 4246 in
500 4170 742 4245 Occidentem
759 4171 932 4247 redeundi
948 4174 1038 4248 facia
1053 4170 1254 4267 potestate,

111 4285 115 4292 ’
187 4293 342 4373 facultas
362 4296 396 4370 ei
419 4292 501 4369 data
515 4291 559 4395 lit
576 4292 652 4368 hoc
672 4290 766 4389 apud
777 4288 860 4369 suos
877 4294 988 4393 longe
999 4293 1136 4368 facilius
1146 4307 1256 4384 atque

911 4421 913 4425 ’
1117 4416 1205 4489 libe·
